<?xml version="1.0" encoding="UTF-8"?>
<!DOCTYPE html PUBLIC "-//W3C//DTD XHTML 1.0 Transitional//EN"
    "http://www.w3.org/TR/xhtml1/DTD/xhtml1-transitional.dtd">
<html xmlns="http://www.w3.org/1999/xhtml" xml:lang="en" lang="en">
 <head>
  <title>
</title>
<meta http-equiv="Content-Type" content="text/html;charset=utf-8" />
  <meta name='ocr-system' content='tesseract 3.04.00' />
  <meta name='ocr-capabilities' content='ocr_page ocr_carea ocr_par ocr_line ocrx_word'/>
</head>
<body>
  <div class='ocr_page' id='page_1' title='image "./originalpoemsine00beau/originalpoemsine00beau_0165.png"; bbox 0 0 1977 2793; ppageno 0'>
   <div class='ocr_carea' id='block_1_1' title="bbox 695 154 1808 238">
    <p class='ocr_par' dir='ltr' id='par_1_1' title="bbox 695 154 1808 238">
     <span class='ocr_line' id='line_1_1' title="bbox 695 154 1808 238; baseline 0.006 -25"><span class='ocrx_word' id='word_1_1' title='bbox 695 154 1391 218; x_wconf 61' lang='lat' dir='ltr'>POEMATA„</span> <span class='ocrx_word' id='word_1_2' title='bbox 1725 181 1808 238; x_wconf 80' lang='lat'><strong>99</strong></span> 
     </span>
    </p>
   </div>
   <div class='ocr_carea' id='block_1_2' title="bbox 266 385 1805 574">
    <p class='ocr_par' dir='ltr' id='par_1_2' title="bbox 266 385 1805 574">
     <span class='ocr_line' id='line_1_2' title="bbox 266 385 1805 472; baseline 0.002 -22"><span class='ocrx_word' id='word_1_3' title='bbox 266 391 372 450; x_wconf 81' lang='lat' dir='ltr'><strong>Ad</strong></span> <span class='ocrx_word' id='word_1_4' title='bbox 390 391 773 451; x_wconf 80' lang='lat' dir='ltr'><strong>Reverendum</strong></span> <span class='ocrx_word' id='word_1_5' title='bbox 802 392 888 450; x_wconf 92' lang='lat' dir='ltr'><strong>D.</strong></span> <span class='ocrx_word' id='word_1_6' title='bbox 910 385 978 449; x_wconf 81' lang='lat' dir='ltr'><strong>G.</strong></span> <span class='ocrx_word' id='word_1_7' title='bbox 1011 392 1352 468; x_wconf 72' lang='lat' dir='ltr'><strong>excusc&#39;ztorid</strong></span> <span class='ocrx_word' id='word_1_8' title='bbox 1386 394 1539 472; x_wconf 85' lang='lat' dir='ltr'><strong>quod</strong></span> <span class='ocrx_word' id='word_1_9' title='bbox 1571 397 1805 456; x_wconf 79' lang='lat' dir='ltr'><em>Carmen</em></span> 
     </span>
     <span class='ocr_line' id='line_1_3' title="bbox 488 489 1587 574; baseline 0.005 -25"><span class='ocrx_word' id='word_1_10' title='bbox 488 491 738 571; x_wconf 84' lang='lat' dir='ltr'><em>funebre</em></span> <span class='ocrx_word' id='word_1_11' title='bbox 754 489 1078 574; x_wconf 64' lang='lat' dir='ltr'><strong>promgffum</strong></span> <span class='ocrx_word' id='word_1_12' title='bbox 1107 513 1213 551; x_wconf 84' lang='lat' dir='ltr'><strong>non</strong></span> <span class='ocrx_word' id='word_1_13' title='bbox 1241 493 1546 555; x_wconf 80' lang='lat' dir='ltr'><em>obtulerim.</em></span> <span class='ocrx_word' id='word_1_14' title='bbox 1583 522 1587 527; x_wconf 85' lang='grc'><em>·</em></span> 
     </span>
    </p>
   </div>
   <div class='ocr_carea' id='block_1_3' title="bbox 334 643 1804 980">
    <p class='ocr_par' dir='ltr' id='par_1_3' title="bbox 334 643 1804 980">
     <span class='ocr_line' id='line_1_4' title="bbox 484 643 1706 702; baseline 0.007 -11"><span class='ocrx_word' id='word_1_15' title='bbox 484 646 615 692; x_wconf 91' lang='lat' dir='ltr'><strong>CCI</strong></span> <span class='ocrx_word' id='word_1_16' title='bbox 630 646 731 702; x_wconf 89' lang='lat' dir='ltr'><strong>PE,</strong></span> <span class='ocrx_word' id='word_1_17' title='bbox 768 662 862 693; x_wconf 91' lang='lat' dir='ltr'><strong>non</strong></span> <span class='ocrx_word' id='word_1_18' title='bbox 887 643 972 692; x_wconf 90' lang='lat' dir='ltr'><strong>isto</strong></span> <span class='ocrx_word' id='word_1_19' title='bbox 996 643 1255 694; x_wconf 86' lang='lat' dir='ltr'><strong>deformem</strong></span> <span class='ocrx_word' id='word_1_20' title='bbox 1279 649 1478 696; x_wconf 82' lang='lat' dir='ltr'>carmine</span> <span class='ocrx_word' id='word_1_21' title='bbox 1502 650 1706 700; x_wconf 87' lang='lat' dir='ltr'><strong>chartam</strong></span> 
     </span>
     <span class='ocr_line' id='line_1_5' title="bbox 553 734 1804 802; baseline 0.009 -21"><span class='ocrx_word' id='word_1_22' title='bbox 553 734 697 801; x_wconf 84' lang='lat' dir='ltr'><strong>Qod</strong></span> <span class='ocrx_word' id='word_1_23' title='bbox 719 736 858 802; x_wconf 86' lang='lat' dir='ltr'><strong>petis:</strong></span> <span class='ocrx_word' id='word_1_24' title='bbox 884 735 989 783; x_wconf 83' lang='lat' dir='ltr'><strong>Ah!</strong></span> <span class='ocrx_word' id='word_1_25' title='bbox 1012 736 1213 785; x_wconf 88' lang='lat' dir='ltr'><strong>maculas</strong></span> <span class='ocrx_word' id='word_1_26' title='bbox 1233 736 1318 785; x_wconf 87' lang='lat' dir='ltr'><strong>fert</strong></span> <span class='ocrx_word' id='word_1_27' title='bbox 1340 755 1457 785; x_wconf 91' lang='lat' dir='ltr'><strong>nova</strong></span> <span class='ocrx_word' id='word_1_28' title='bbox 1479 739 1633 789; x_wconf 86' lang='lat' dir='ltr'><strong>charta</strong></span> <span class='ocrx_word' id='word_1_29' title='bbox 1658 761 1804 791; x_wconf 84' lang='lat' dir='ltr'><strong>novas.</strong></span> 
     </span>
     <span class='ocr_line' id='line_1_6' title="bbox 334 821 1547 892; baseline 0.006 -22"><span class='ocrx_word' id='word_1_30' title='bbox 334 821 508 870; x_wconf 86' lang='lat' dir='ltr'>Flebile</span> <span class='ocrx_word' id='word_1_31' title='bbox 532 840 718 872; x_wconf 86' lang='lat' dir='ltr'><strong>carmen</strong></span> <span class='ocrx_word' id='word_1_32' title='bbox 739 836 833 872; x_wconf 89' lang='lat' dir='ltr'><strong>erat</strong></span> <span class='ocrx_word' id='word_1_33' title='bbox 857 824 986 892; x_wconf 89' lang='lat' dir='ltr'><strong>quod</strong></span> <span class='ocrx_word' id='word_1_34' title='bbox 1010 825 1152 874; x_wconf 83' lang='lat' dir='ltr'><strong>craffo</strong></span> <span class='ocrx_word' id='word_1_35' title='bbox 1177 825 1201 874; x_wconf 76' lang='grc' dir='ltr'>ὲ</span> <span class='ocrx_word' id='word_1_36' title='bbox 1222 829 1403 891; x_wconf 71' lang='grc' dir='ltr'>ρεᾶοτε</span> <span class='ocrx_word' id='word_1_37' title='bbox 1426 826 1547 877; x_wconf 88' lang='lat' dir='ltr'><strong>fudit</strong></span> 
     </span>
     <span class='ocr_line' id='line_1_7' title="bbox 405 912 1481 980; baseline 0.005 -21"><span class='ocrx_word' id='word_1_38' title='bbox 405 912 552 970; x_wconf 89' lang='lat' dir='ltr'><strong>Musa,</strong></span> <span class='ocrx_word' id='word_1_39' title='bbox 577 914 712 962; x_wconf 87' lang='lat' dir='ltr'><strong>nimis</strong></span> <span class='ocrx_word' id='word_1_40' title='bbox 735 912 978 980; x_wconf 86' lang='lat' dir='ltr'>lachrymis</span> <span class='ocrx_word' id='word_1_41' title='bbox 998 914 1090 964; x_wconf 91' lang='lat' dir='ltr'><strong>heu</strong></span> <span class='ocrx_word' id='word_1_42' title='bbox 1114 913 1196 963; x_wconf 84' lang='lat' dir='ltr'><strong>fibi</strong></span> <span class='ocrx_word' id='word_1_43' title='bbox 1220 915 1362 980; x_wconf 87' lang='lat' dir='ltr'><strong>digna</strong></span> <span class='ocrx_word' id='word_1_44' title='bbox 1385 915 1481 965; x_wconf 87' lang='lat' dir='ltr'><strong>suis.</strong></span> 
     </span>
    </p>
   </div>
   <div class='ocr_carea' id='block_1_4' title="bbox 333 998 1461 1244">
    <p class='ocr_par' dir='ltr' id='par_1_4' title="bbox 333 998 1461 1244">
     <span class='ocr_line' id='line_1_8' title="bbox 337 998 1379 1068; baseline 0.002 -22"><span class='ocrx_word' id='word_1_45' title='bbox 337 1000 382 1046; x_wconf 92' lang='lat' dir='ltr'>O</span> <span class='ocrx_word' id='word_1_46' title='bbox 406 998 585 1047; x_wconf 88' lang='lat' dir='ltr'><strong>utinam</strong></span> <span class='ocrx_word' id='word_1_47' title='bbox 611 999 798 1066; x_wconf 86' lang='lat' dir='ltr'><strong>expletis</strong></span> <span class='ocrx_word' id='word_1_48' title='bbox 820 1000 970 1049; x_wconf 88' lang='lat' dir='ltr'><strong>alieno</strong></span> <span class='ocrx_word' id='word_1_49' title='bbox 993 1003 1040 1049; x_wconf 90' lang='lat' dir='ltr'><strong>in</strong></span> <span class='ocrx_word' id='word_1_50' title='bbox 1064 1000 1220 1049; x_wconf 88' lang='lat' dir='ltr'><strong>funere</strong></span> <span class='ocrx_word' id='word_1_51' title='bbox 1235 1001 1379 1068; x_wconf 87' lang='lat' dir='ltr'><strong>justis,</strong></span> 
     </span>
     <span class='ocr_line' id='line_1_9' title="bbox 404 1087 1281 1154; baseline 0.001 -20"><span class='ocrx_word' id='word_1_52' title='bbox 404 1087 609 1136; x_wconf 81' lang='lat' dir='ltr'><strong>Senfiffet</strong></span> <span class='ocrx_word' id='word_1_53' title='bbox 632 1089 801 1154; x_wconf 88' lang='lat' dir='ltr'><strong>proprii</strong></span> <span class='ocrx_word' id='word_1_54' title='bbox 828 1087 999 1136; x_wconf 85' lang='lat' dir='ltr'><strong>funeris</strong></span> <span class='ocrx_word' id='word_1_55' title='bbox 1022 1089 1100 1136; x_wconf 91' lang='lat' dir='ltr'><strong>illa</strong></span> <span class='ocrx_word' id='word_1_56' title='bbox 1124 1090 1281 1153; x_wconf 87' lang='lat' dir='ltr'><strong>rogos!</strong></span> 
     </span>
     <span class='ocr_line' id='line_1_10' title="bbox 333 1177 1461 1244; baseline -0.001 -18"><span class='ocrx_word' id='word_1_57' title='bbox 333 1179 442 1244; x_wconf 89' lang='lat' dir='ltr'><strong>Jam</strong></span> <span class='ocrx_word' id='word_1_58' title='bbox 465 1177 584 1226; x_wconf 90' lang='lat' dir='ltr'><strong>mihi</strong></span> <span class='ocrx_word' id='word_1_59' title='bbox 608 1196 702 1226; x_wconf 91' lang='lat' dir='ltr'><strong>non</strong></span> <span class='ocrx_word' id='word_1_60' title='bbox 726 1179 806 1226; x_wconf 87' lang='lat' dir='ltr'><strong>soli</strong></span> <span class='ocrx_word' id='word_1_61' title='bbox 829 1178 990 1235; x_wconf 86' lang='lat' dir='ltr'><strong>sordet,</strong></span> <span class='ocrx_word' id='word_1_62' title='bbox 1007 1178 1106 1244; x_wconf 88' lang='lat' dir='ltr'><strong>jam</strong></span> <span class='ocrx_word' id='word_1_63' title='bbox 1132 1177 1260 1225; x_wconf 89' lang='lat' dir='ltr'><strong>nuda</strong></span> <span class='ocrx_word' id='word_1_64' title='bbox 1284 1177 1461 1225; x_wconf 87' lang='lat' dir='ltr'><strong>videtur</strong></span> 
     </span>
    </p>
   </div>
   <div class='ocr_carea' id='block_1_5' title="bbox 335 1262 1498 1420">
    <p class='ocr_par' dir='ltr' id='par_1_5' title="bbox 335 1262 1498 1420">
     <span class='ocr_line' id='line_1_11' title="bbox 404 1262 1314 1329; baseline -0.001 -18"><span class='ocrx_word' id='word_1_65' title='bbox 404 1263 503 1329; x_wconf 88' lang='lat' dir='ltr'>Ipsa</span> <span class='ocrx_word' id='word_1_66' title='bbox 527 1262 628 1320; x_wconf 88' lang='lat' dir='ltr'>fibi,</span> <span class='ocrx_word' id='word_1_67' title='bbox 651 1276 697 1311; x_wconf 87' lang='lat' dir='ltr'><strong>et</strong></span> <span class='ocrx_word' id='word_1_68' title='bbox 719 1265 860 1328; x_wconf 85' lang='lat' dir='ltr'><strong>turpis</strong></span> <span class='ocrx_word' id='word_1_69' title='bbox 884 1265 1060 1327; x_wconf 87' lang='lat' dir='ltr'>turpior</span> <span class='ocrx_word' id='word_1_70' title='bbox 1082 1263 1170 1312; x_wconf 84' lang='lat' dir='ltr'><strong>effe</strong></span> <span class='ocrx_word' id='word_1_71' title='bbox 1196 1263 1314 1311; x_wconf 89' lang='lat' dir='ltr'><strong>velit.</strong></span> 
     </span>
     <span class='ocr_line' id='line_1_12' title="bbox 335 1346 1498 1420; baseline -0.001 -21"><span class='ocrx_word' id='word_1_72' title='bbox 335 1353 444 1420; x_wconf 83' lang='lat' dir='ltr'><strong>Jam</strong></span> <span class='ocrx_word' id='word_1_73' title='bbox 470 1351 554 1398; x_wconf 88' lang='lat' dir='ltr'><strong>stat</strong></span> <span class='ocrx_word' id='word_1_74' title='bbox 577 1350 710 1416; x_wconf 89' lang='lat' dir='ltr'><strong>plena</strong></span> <span class='ocrx_word' id='word_1_75' title='bbox 735 1349 816 1406; x_wconf 90' lang='lat' dir='ltr'><strong>sui,</strong></span> <span class='ocrx_word' id='word_1_76' title='bbox 841 1347 1047 1414; x_wconf 66' lang='lat' dir='ltr'><strong>perfectis</strong></span> <span class='ocrx_word' id='word_1_77' title='bbox 1071 1346 1287 1405; x_wconf 76' lang='lat' dir='ltr'><strong>sordibu3‚</strong></span> <span class='ocrx_word' id='word_1_78' title='bbox 1312 1366 1498 1414; x_wconf 53' lang='lat' dir='ltr'><strong>ungue&amp;</strong></span> 
     </span>
    </p>
   </div>
   <div class='ocr_carea' id='block_1_6' title="bbox 338 1436 1824 2640">
    <p class='ocr_par' dir='ltr' id='par_1_6' title="bbox 338 1436 1824 2640">
     <span class='ocr_line' id='line_1_13' title="bbox 406 1436 1437 1508; baseline -0.003 -21"><span class='ocrx_word' id='word_1_79' title='bbox 406 1442 516 1508; x_wconf 87' lang='lat' dir='ltr'><strong>Jam</strong></span> <span class='ocrx_word' id='word_1_80' title='bbox 539 1440 686 1496; x_wconf 88' lang='lat' dir='ltr'><strong>timet,</strong></span> <span class='ocrx_word' id='word_1_81' title='bbox 711 1450 756 1486; x_wconf 87' lang='lat' dir='ltr'><strong>et</strong></span> <span class='ocrx_word' id='word_1_82' title='bbox 779 1448 913 1485; x_wconf 85' lang='lat' dir='ltr'><strong>terret</strong></span> <span class='ocrx_word' id='word_1_83' title='bbox 935 1436 1274 1484; x_wconf 86' lang='lat' dir='ltr'>commaculata</span> <span class='ocrx_word' id='word_1_84' title='bbox 1299 1454 1437 1485; x_wconf 90' lang='lat' dir='ltr'><strong>meos.</strong></span> 
     </span>
     <span class='ocr_line' id='line_1_14' title="bbox 338 1523 1372 1595; baseline -0.004 -18"><span class='ocrx_word' id='word_1_85' title='bbox 338 1531 385 1576; x_wconf 92' lang='lat' dir='ltr'>O</span> <span class='ocrx_word' id='word_1_86' title='bbox 407 1545 580 1595; x_wconf 86' lang='lat' dir='ltr'><strong>precor,</strong></span> <span class='ocrx_word' id='word_1_87' title='bbox 608 1529 654 1575; x_wconf 95' lang='lat' dir='ltr'>O</span> <span class='ocrx_word' id='word_1_88' title='bbox 677 1523 807 1574; x_wconf 87' lang='lat' dir='ltr'><strong>vestri</strong></span> <span class='ocrx_word' id='word_1_89' title='bbox 833 1525 967 1573; x_wconf 90' lang='lat' dir='ltr'><strong>cedat</strong></span> <span class='ocrx_word' id='word_1_90' title='bbox 991 1525 1235 1572; x_wconf 87' lang='lat' dir='ltr'><strong>reverentia</strong></span> <span class='ocrx_word' id='word_1_91' title='bbox 1250 1523 1372 1592; x_wconf 85' lang='lat' dir='ltr'><strong>juffi,</strong></span> 
     </span>
     <span class='ocr_line' id='line_1_15' title="bbox 410 1614 1247 1680; baseline -0.004 -15"><span class='ocrx_word' id='word_1_92' title='bbox 410 1620 456 1665; x_wconf 88' lang='lat' dir='ltr'>O</span> <span class='ocrx_word' id='word_1_93' title='bbox 479 1617 614 1665; x_wconf 91' lang='lat' dir='ltr'><strong>liceat</strong></span> <span class='ocrx_word' id='word_1_94' title='bbox 638 1615 739 1664; x_wconf 73' lang='lat' dir='ltr'><strong>tuto</strong></span> <span class='ocrx_word' id='word_1_95' title='bbox 762 1633 856 1664; x_wconf 90' lang='lat' dir='ltr'><strong>non</strong></span> <span class='ocrx_word' id='word_1_96' title='bbox 881 1614 1095 1680; x_wconf 78' lang='lat' dir='ltr'><strong>placuisse</strong></span> <span class='ocrx_word' id='word_1_97' title='bbox 1122 1614 1247 1662; x_wconf 92' lang='lat' dir='ltr'><strong>Tibi.</strong></span> 
     </span>
     <span class='ocr_line' id='line_1_16' title="bbox 341 1702 1452 1769; baseline -0.005 -15"><span class='ocrx_word' id='word_1_98' title='bbox 341 1709 386 1754; x_wconf 93' lang='lat' dir='ltr'>O</span> <span class='ocrx_word' id='word_1_99' title='bbox 409 1706 543 1754; x_wconf 88' lang='lat' dir='ltr'><strong>liceat</strong></span> <span class='ocrx_word' id='word_1_100' title='bbox 566 1704 792 1753; x_wconf 88' lang='lat' dir='ltr'><strong>malesana</strong></span> <span class='ocrx_word' id='word_1_101' title='bbox 814 1704 984 1752; x_wconf 88' lang='lat' dir='ltr'>cadant</span> <span class='ocrx_word' id='word_1_102' title='bbox 1007 1702 1249 1769; x_wconf 81' lang='lat' dir='ltr'><strong>promiffa3</strong></span> <span class='ocrx_word' id='word_1_103' title='bbox 1288 1702 1452 1768; x_wconf 92' lang='lat' dir='ltr'><strong>pudori</strong></span> 
     </span>
     <span class='ocr_line' id='line_1_17' title="bbox 409 1788 1464 1859; baseline -0.005 -18"><span class='ocrx_word' id='word_1_104' title='bbox 409 1796 502 1841; x_wconf 88' lang='lat' dir='ltr'><strong>Des</strong></span> <span class='ocrx_word' id='word_1_105' title='bbox 525 1795 722 1850; x_wconf 89' lang='lat' dir='ltr'><strong>veniam,</strong></span> <span class='ocrx_word' id='word_1_106' title='bbox 748 1793 956 1859; x_wconf 89' lang='lat' dir='ltr'>quamvis</span> <span class='ocrx_word' id='word_1_107' title='bbox 975 1789 1175 1857; x_wconf 88' lang='lat' dir='ltr'><strong>perfidus</strong></span> <span class='ocrx_word' id='word_1_108' title='bbox 1199 1789 1279 1838; x_wconf 91' lang='lat' dir='ltr'><strong>iste</strong></span> <span class='ocrx_word' id='word_1_109' title='bbox 1302 1788 1464 1855; x_wconf 86' lang='lat' dir='ltr'><strong>pudor.</strong></span> 
     </span>
     <span class='ocr_line' id='line_1_18' title="bbox 342 1877 1395 1946; baseline -0.005 -16"><span class='ocrx_word' id='word_1_110' title='bbox 342 1884 388 1930; x_wconf 91' lang='grc' dir='ltr'>Ο</span> <span class='ocrx_word' id='word_1_111' title='bbox 412 1882 545 1930; x_wconf 87' lang='lat' dir='ltr'><strong>liceat</strong></span> <span class='ocrx_word' id='word_1_112' title='bbox 568 1899 701 1946; x_wconf 91' lang='lat' dir='ltr'><strong>puros</strong></span> <span class='ocrx_word' id='word_1_113' title='bbox 726 1881 963 1946; x_wconf 87' lang='lat' dir='ltr'><strong>squallenti</strong></span> <span class='ocrx_word' id='word_1_114' title='bbox 987 1879 1193 1927; x_wconf 90' lang='lat' dir='ltr'><strong>carmine</strong></span> <span class='ocrx_word' id='word_1_115' title='bbox 1215 1877 1395 1936; x_wconf 87' lang='lat' dir='ltr'><strong>ocellos,</strong></span> 
     </span>
     <span class='ocr_line' id='line_1_19' title="bbox 414 1967 1312 2019; baseline -0.007 0"><span class='ocrx_word' id='word_1_116' title='bbox 414 1974 459 2019; x_wconf 94' lang='lat' dir='ltr'>O</span> <span class='ocrx_word' id='word_1_117' title='bbox 482 1971 616 2019; x_wconf 87' lang='lat' dir='ltr'><strong>liceat</strong></span> <span class='ocrx_word' id='word_1_118' title='bbox 640 1970 794 2018; x_wconf 61' lang='lat' dir='ltr'><strong>doclas</strong></span> <span class='ocrx_word' id='word_1_119' title='bbox 818 1987 912 2016; x_wconf 89' lang='lat' dir='ltr'><strong>non</strong></span> <span class='ocrx_word' id='word_1_120' title='bbox 937 1968 1101 2015; x_wconf 88' lang='lat' dir='ltr'><strong>violare</strong></span> <span class='ocrx_word' id='word_1_121' title='bbox 1125 1967 1312 2014; x_wconf 79' lang='lat' dir='ltr'>manus!</span> 
     </span>
     <span class='ocr_line' id='line_1_20' title="bbox 344 2055 1385 2128; baseline -0.008 -19"><span class='ocrx_word' id='word_1_122' title='bbox 344 2061 442 2128; x_wconf 90' lang='lat' dir='ltr'><strong>Ipse</strong></span> <span class='ocrx_word' id='word_1_123' title='bbox 466 2060 549 2108; x_wconf 89' lang='lat' dir='ltr'><strong>tibi</strong></span> <span class='ocrx_word' id='word_1_124' title='bbox 573 2077 726 2126; x_wconf 79' lang='lat' dir='ltr'><strong>parcas</strong></span> <span class='ocrx_word' id='word_1_125' title='bbox 750 2070 795 2106; x_wconf 89' lang='lat' dir='ltr'><strong>et</strong></span> <span class='ocrx_word' id='word_1_126' title='bbox 819 2058 964 2106; x_wconf 84' lang='lat' dir='ltr'><strong>nobis.</strong></span> <span class='ocrx_word' id='word_1_127' title='bbox 1004 2055 1180 2123; x_wconf 84' lang='lat' dir='ltr'><strong>QaesO,</strong></span> <span class='ocrx_word' id='word_1_128' title='bbox 1208 2055 1385 2102; x_wconf 83' lang='lat' dir='ltr'><strong>fatentis</strong></span> 
     </span>
     <span class='ocr_line' id='line_1_21' title="bbox 412 2144 1326 2214; baseline -0.005 -20"><span class='ocrx_word' id='word_1_129' title='bbox 412 2151 486 2195; x_wconf 93' lang='lat' dir='ltr'><strong>Ne</strong></span> <span class='ocrx_word' id='word_1_130' title='bbox 510 2149 664 2214; x_wconf 87' lang='lat' dir='ltr'><strong>cupias</strong></span> <span class='ocrx_word' id='word_1_131' title='bbox 689 2147 853 2212; x_wconf 88' lang='lat' dir='ltr'><strong>scripto</strong></span> <span class='ocrx_word' id='word_1_132' title='bbox 876 2147 1068 2193; x_wconf 88' lang='lat' dir='ltr'><strong>crimina</strong></span> <span class='ocrx_word' id='word_1_133' title='bbox 1091 2144 1199 2192; x_wconf 90' lang='lat' dir='ltr'><strong>teste</strong></span> <span class='ocrx_word' id='word_1_134' title='bbox 1223 2144 1326 2207; x_wconf 83' lang='lat' dir='ltr'><strong>legi.</strong></span> 
     </span>
     <span class='ocr_line' id='line_1_22' title="bbox 345 2231 1468 2299; baseline -0.006 -15"><span class='ocrx_word' id='word_1_135' title='bbox 345 2237 416 2284; x_wconf 89' lang='lat' dir='ltr'><strong>Sic</strong></span> <span class='ocrx_word' id='word_1_136' title='bbox 439 2236 694 2284; x_wconf 83' lang='lat' dir='ltr'><strong>meminiffc</strong></span> <span class='ocrx_word' id='word_1_137' title='bbox 712 2235 841 2299; x_wconf 85' lang='lat' dir='ltr'>juvat</span> <span class='ocrx_word' id='word_1_138' title='bbox 863 2247 959 2282; x_wconf 86' lang='lat' dir='ltr'><strong>tam</strong></span> <span class='ocrx_word' id='word_1_139' title='bbox 984 2233 1113 2296; x_wconf 82' lang='lat' dir='ltr'><strong>digni</strong></span> <span class='ocrx_word' id='word_1_140' title='bbox 1138 2231 1272 2278; x_wconf 84' lang='lat' dir='ltr'><strong>funus</strong></span> <span class='ocrx_word' id='word_1_141' title='bbox 1295 2231 1468 2288; x_wconf 84' lang='lat' dir='ltr'><strong>Amici,</strong></span> 
     </span>
     <span class='ocr_line' id='line_1_23' title="bbox 415 2322 1483 2395; baseline -0.007 -19"><span class='ocrx_word' id='word_1_142' title='bbox 415 2332 479 2376; x_wconf 88' lang='lat' dir='ltr'><strong>Ut</strong></span> <span class='ocrx_word' id='word_1_143' title='bbox 503 2329 588 2376; x_wconf 85' lang='lat' dir='ltr'><strong>nifi</strong></span> <span class='ocrx_word' id='word_1_144' title='bbox 611 2346 692 2395; x_wconf 90' lang='lat' dir='ltr'><strong>per</strong></span> <span class='ocrx_word' id='word_1_145' title='bbox 715 2345 895 2375; x_wconf 86' lang='lat' dir='ltr'><strong>naevum</strong></span> <span class='ocrx_word' id='word_1_146' title='bbox 921 2343 1013 2373; x_wconf 90' lang='lat' dir='ltr'><strong>non</strong></span> <span class='ocrx_word' id='word_1_147' title='bbox 1038 2323 1306 2380; x_wconf 68' lang='lat' dir='ltr'><strong>meminisse,</strong></span> <span class='ocrx_word' id='word_1_148' title='bbox 1325 2322 1483 2389; x_wconf 86' lang='lat' dir='ltr'><strong>juvet?</strong></span> 
     </span>
     <span class='ocr_line' id='line_1_24' title="bbox 348 2413 1604 2481; baseline -0.007 -12"><span class='ocrx_word' id='word_1_149' title='bbox 348 2424 490 2469; x_wconf 85' lang='lat' dir='ltr'><strong>Hunc</strong></span> <span class='ocrx_word' id='word_1_150' title='bbox 514 2420 675 2468; x_wconf 88' lang='lat' dir='ltr'><strong>melius</strong></span> <span class='ocrx_word' id='word_1_151' title='bbox 698 2436 905 2466; x_wconf 86' lang='lat' dir='ltr'><strong>revocare</strong></span> <span class='ocrx_word' id='word_1_152' title='bbox 933 2418 1058 2465; x_wconf 86' lang='lat' dir='ltr'><strong>diem</strong></span> <span class='ocrx_word' id='word_1_153' title='bbox 1084 2415 1165 2462; x_wconf 84' lang='lat' dir='ltr'><strong>tibi</strong></span> <span class='ocrx_word' id='word_1_154' title='bbox 1193 2415 1366 2481; x_wconf 80' lang='lat' dir='ltr'><strong>pulpita</strong></span> <span class='ocrx_word' id='word_1_155' title='bbox 1390 2413 1604 2480; x_wconf 71' lang='lat' dir='ltr'><strong>pofl&#39;unt3</strong></span> 
     </span>
     <span class='ocr_line' id='line_1_25' title="bbox 420 2504 1354 2574; baseline -0.005 -20"><span class='ocrx_word' id='word_1_156' title='bbox 420 2506 604 2573; x_wconf 80' lang='lat' dir='ltr'><strong>Pulpita</strong></span> <span class='ocrx_word' id='word_1_157' title='bbox 627 2525 728 2574; x_wconf 83' lang='lat' dir='ltr'><strong>quae</strong></span> <span class='ocrx_word' id='word_1_158' title='bbox 753 2505 951 2555; x_wconf 85' lang='lat' dir='ltr'><strong>modulis</strong></span> <span class='ocrx_word' id='word_1_159' title='bbox 976 2506 1211 2551; x_wconf 88' lang='lat' dir='ltr'><strong>intonuere</strong></span> <span class='ocrx_word' id='word_1_160' title='bbox 1235 2504 1319 2550; x_wconf 86' lang='lat' dir='ltr'><strong>tuis</strong></span> <span class='ocrx_word' id='word_1_161' title='bbox 1338 2523 1354 2562; x_wconf 79' lang='lat'>3</span> 
     </span>
     <span class='ocr_line' id='line_1_26' title="bbox 985 2582 1824 2640; baseline -0.008 0"><span class='ocrx_word' id='word_1_162' title='bbox 985 2610 1014 2640; x_wconf 84' lang='lat' dir='ltr'>N</span> <span class='ocrx_word' id='word_1_163' title='bbox 1045 2608 1070 2639; x_wconf 87' lang='lat'><strong>2</strong></span> <span class='ocrx_word' id='word_1_164' title='bbox 1683 2582 1824 2633; x_wconf 68' lang='lat' dir='ltr'><strong>Plena</strong></span> 
     </span>
    </p>
   </div>
  </div>
 </body>
</html>
