1977 2793
698 179 1392 239 POEMATA.
1695 204 1804 242 101

346 296 529 361 Vosque
553 295 634 342 diu
660 294 804 342 dubio
828 294 1078 360 trepidastis
1103 295 1294 352 lumine,
1321 295 1483 344 stellae:

417 388 462 433 O
487 402 576 442 vos,
615 387 659 431 O
683 384 871 449 quando
896 402 996 431 vera
1021 386 1151 431 ruina
1178 383 1311 432 feret!

346 478 390 523 Si
414 488 492 524 tua
516 492 610 522 non
634 485 847 520 moveant
872 473 1076 537 rigidum
1100 485 1143 520 te
1170 472 1381 530 fulmina,
1405 472 1602 529 Caelum,

418 571 483 614 At
508 576 720 612 moveant
744 565 918 621 nostrae,
944 564 1139 612 fulmina
1163 564 1326 621 nostra,
1351 582 1510 629 preceS.

346 658 398 703 Io
422 655 484 702 fiat
506 655 582 702 est.
619 658 788 702 Latum
813 655 948 701 lituus
970 667 1237 702 taratantara
1263 654 1407 702 dixit:

415 743 592 810 Judicis
615 744 804 791 emicuit
828 744 1011 790 nuntius
1036 742 1110 790 ille
1135 742 1277 790 sonus.

348 835 465 880 Ecce
490 831 596 879 facit
620 831 761 878 nubes
784 849 986 888 currum,
1026 829 1360 897 superambulat
1379 829 1467 878 alas

416 922 689 976 Ventorum,
714 931 758 966 et
782 920 900 966 miro
919 919 1097 985 Jupiter
1120 917 1265 966 imbre
1285 917 1419 965 cadit.

348 1175 641 1234 Fortitudo
670 1174 782 1230 Ed.
807 1172 1045 1232 Stanleii
1071 1172 1250 1255 Angli
1275 1173 1358 1230 ad
1379 1171 1738 1249 Zutfaniam.

281 1314 517 1381 Zutfaniae
541 1323 679 1377 captce
711 1311 837 1358 decus
865 1315 1000 1357 unius
1023 1308 1246 1357 Edvardi
1268 1310 1463 1356 Stanleii
1492 1312 1667 1356 virtuti
1701 1308 1823 1356 debe-

350 1406 441 1439 tur.
491 1390 539 1437 Is
563 1392 679 1436 enim
702 1385 1014 1454 appreherffam
1046 1384 1184 1449 hostis,
1223 1404 1254 1434 a
1284 1405 1366 1452 quo
1394 1390 1620 1451 praecipue
1650 1388 1823 1452 repelle-

348 1469 500 1524 batur,
539 1464 710 1534 hastam
734 1479 866 1512 tanta
889 1469 942 1512 vi
965 1467 1122 1520 tenuit,
1160 1477 1226 1521 ut,
1259 1463 1316 1511 ab
1340 1463 1425 1529 ipso
1449 1462 1558 1527 hoste
1580 1482 1713 1511 arma
1728 1466 1825 1528 fica

339 1545 430 1611 fibi
461 1548 578 1609 eripi
610 1547 825 1590 renitente
847 1544 1086 1598 attraft'us,
1127 1545 1175 1589 in
1198 1543 1582 1609 propugnaculum
1605 1542 1825 1608 tranfilic-

354 1628 421 1671 rit
439 1644 454 1670 .-
479 1640 604 1688 eoque
629 1634 725 1668 tam
749 1620 965 1685 insperato
990 1617 1159 1684 qscerzfit
1183 1623 1352 1666 animos
1359 1617 1463 1684 suis
1478 1619 1824 1686 ponestquenti-

354 1701 431 1748 bus
442 1699 574 1766 fecit,
612 1717 666 1746 ac
688 1711 866 1745 tantum
891 1712 1104 1744 terrorem
1130 1694 1314 1760 hostibus
1338 1699 1502 1761 injecit,
1542 1712 1591 1745 ut
1616 1704 1823 1764 protinus

355 1779 492 1826 locum
515 1774 801 1841 deseruerint.
876 1773 1061 1821 Thuan.
1087 1773 1187 1821 Lib.
1210 1776 1286 1836 85.
1317 1776 1430 1840 Cap.
1451 1792 1492 1836 5.

429 1901 770 2038 BUCCIS
795 1899 894 1965 plus
919 1897 1052 1946 solitis
1074 1907 1217 1956 tu'me,

580 1990 638 2033 Et
661 2002 789 2032 narra
813 1984 976 2040 dubiis,
1003 1987 1161 2040 Fama,
1186 1985 1421 2048 nepotibus

497 2075 702 2123 Audacis
728 2073 899 2121 facinus
923 2073 1003 2119 viri

427 2170 647 2231 Ignotum
672 2164 825 2212 decori
851 2163 1041 2210 sternere
1066 2164 1312 2210 tramitem.

499 2255 624 2300 Toto
647 2254 795 2299 Marte
819 2251 1011 2298 furentia

427 2339 608 2387 Stanleii
633 2339 792 2386 docuit
816 2337 959 2402 gloria
983 2340 1162 2402 pettora

500 2430 665 2475 Arsam
691 2425 913 2473 Zutfaniae
939 2424 1014 2472 sua

428 2514 616 2562 Turrim
641 2512 892 2577 magnifica
918 2512 1137 2578 prendere
1160 2511 1356 2561 dextera.

1695 2602 1829 2648 Mens
