1977 2793
610 136 1368 199 APPENDIX.
1642 164 1754 222 133

214 257 414 317 obsecro,
440 256 681 307 inurebant
705 258 772 308 vel
796 258 844 307 hi
870 259 938 307 vel
963 259 1072 308 ille?
1112 261 1214 309 Imo
1237 260 1262 310 ὲ
1285 263 1524 320 contrari0,
1547 279 1760 313 nonnun-

213 366 357 416 quam
380 347 506 414 apud
529 365 605 397 eos
627 348 776 414 legere
793 349 858 397 est
876 349 1009 398 verba
1031 366 1088 398 ex
1111 349 1194 398 ista
1212 349 1412 398 versione
1433 351 1630 399 laudata.
1669 354 1762 400 Mi·-

213 438 342 486 nime
364 448 521 486 autem
542 434 718 485 filentio
741 437 1159 497 transmittendum,
1187 437 1437 487 versionem
1463 442 1634 489 Senum
1659 458 1762 489 om·-

213 529 348 578 nibus
371 529 562 596 quidem
588 531 788 579 numeris
811 530 1064 579 absolutam
1089 549 1182 579 non
1206 530 1336 579 fuiffe
1356 550 1369 589 ;
1408 531 1435 579 a
1459 534 1548 597 qua
1572 531 1763 598 proinde

213 619 426 685 Apostoli
445 619 726 686 quandoque
749 619 933 667 abeunt.
973 622 1074 667 Nec
1093 619 1189 667 haec
1209 631 1362 667 tamen
1383 619 1470 666 visa
1489 619 1554 667 est
1573 619 1668 667 satis
1685 620 1763 686 ju·-

215 704 281 753 sta
305 704 596 754 succensendi
628 705 782 753 causa..
827 707 1111 755 Humanitus
1135 707 1183 754 id
1210 706 1395 754 Senibus
1418 706 1616 764 accidit;
1654 723 1763 753 cau-

213 793 281 840 tio
303 804 459 842 tamen
481 794 652 842 interea
675 805 783 850 erat,
809 802 866 842 ne
892 793 1005 859 quid
1030 811 1056 842 a
1081 792 1177 841 fide
1199 805 1279 840 aut
1303 793 1430 841 bonis
1455 793 1655 841 moribus
1679 793 1763 841 ali-

213 899 357 932 enum
380 883 687 932 obtruderent.
741 887 800 932 Et
824 885 934 932 cum
961 882 1102 932 versio
1122 902 1282 933 eorum
1307 884 1394 932 hoc
1415 884 1558 932 modo
1577 900 1764 949 compa-

214 983 325 1029 rata,
364 989 448 1019 nec
475 970 672 1029 Christo,
709 988 794 1019 nec
820 972 1062 1038 Apostolis‚
1094 972 1383 1021 stomachum
1409 972 1588 1019 fecerit:
1627 988 1763 1036 quare

216 1063 401 1120 nostras,
427 1063 532 1112 licet
553 1064 599 1112 id
622 1082 764 1128 genus
788 1083 1019 1113 naevorum
1046 1083 1139 1113 non
1164 1066 1405 1122 immune8‚
1440 1063 1623 1111 delicati
1644 1064 1765 1109 Pon—

215 1151 350 1200 t-ificii
381 1151 714 1216 indignantur?
756 1156 889 1203 Num
922 1154 1158 1220 propterea
1191 1154 1318 1219 quod
1357 1152 1554 1218 ipsorum
1588 1152 1765 1207 Latina,

217 1254 362 1303 quam
397 1237 710 1284 authenticam
741 1240 828 1285 effe
851 1239 1030 1301 jubent,
1066 1239 1238 1301 semper
1270 1254 1366 1284 rem
1398 1254 1483 1283 acu
1509 1238 1687 1301 tangit?
1723 1240 1763 1284 Si

217 1324 409 1390 sapiunt,
430 1322 638 1371 desinant
657 1323 940 1381 maledicere,
968 1322 1205 1370 malefacta
1224 1341 1282 1371 ne
1301 1323 1485 1372 noscant
1507 1323 1608 1372 sua:
1636 1326 1767 1373 Nam

220 1410 380 1458 Iliacos
405 1413 532 1457 intra
557 1427 704 1457 macros
720 1420 934 1474 peccatur
957 1421 998 1456 et
1021 1422 1166 1456 extra.

291 1501 355 1546 Ut
392 1497 668 1545 transeamus
705 1499 857 1562 itaque
893 1497 953 1544 ad
989 1497 1348 1545 Instrumentum
1388 1515 1592 1557 novum3
1639 1498 1766 1563 quod

224 1590 380 1636 Graeca
413 1587 572 1651 lingua
607 1598 840 1634 exaratum
874 1585 1003 1634 fuisse
1037 1587 1135 1651 quis
1159 1586 1341 1633 nescit?
1367 1585 1494 1650 Qud
1533 1586 1594 1632 ita
1628 1585 1766 1633 vero?

220 1699 388 1747 nempe
414 1683 521 1747 quia
544 1698 623 1746 per
646 1680 761 1728 bene
786 1679 949 1727 multas
974 1680 1089 1726 orbis
1115 1680 1316 1743 regiones
1340 1678 1437 1743 jam
1465 1689 1565 1724 tum
1590 1695 1765 1743 percre-

222 1770 453 1817 bescente:
494 1769 619 1834 quod
654 1768 785 1816 facile
816 1768 1002 1831 colligas
1036 1779 1136 1814 tum
1172 1785 1227 1814 ex
1261 1765 1467 1831 Epistolis
1505 1767 1669 1812 Graecis
1705 1765 1766 1813 ad

222 1861 454 1907 Romanas
491 1870 536 1904 et
560 1856 774 1904 Hebraeos
811 1857 958 1915 datis3
1000 1869 1099 1903 tum
1125 1873 1181 1902 ex
1207 1853 1310 1920 ipsis
1337 1854 1580 1902 Catholicis
1603 1853 1766 1901 eadem

223 1945 399 2010 lingua,
424 1958 643 2009 tanquam
668 1944 906 1991 catholica
931 1944 1112 2008 scriptis.
1164 1943 1264 1989 Sole
1288 1944 1426 2005 igitur
1447 1942 1605 1989 clarius
1630 1955 1767 2006 patet,

225 2033 468 2100 Apostolos
492 2050 517 2078 a
544 2031 910 2079 Pontificiiorum
935 2031 1124 2078 confilio
1149 2030 1206 2077 de
1231 2030 1437 2077 arcendis
1471 2027 1617 2076 Laicis
1641 2029 1767 2076 leffi-

224 2140 312 2170 one
338 2124 571 2187 Scriptura:
597 2121 738 2187 quam
766 2121 1026 2185 longissime=
1049 2119 1249 2168 abfuisse.
1293 2121 1335 2167 Si
1360 2121 1484 2167 enim
1510 2115 1657 2167 arcere
1682 2121 1767 2167 ste-

227 2223 368 2269 terat3
419 2211 732 2277 praeoptaffent
764 2210 970 2274 linguam
1012 2209 1214 2273 aliquam
1254 2208 1331 2255 soli
1368 2226 1507 2273 quam
1545 2209 1767 2255 callebant

226 2298 410 2354 eruditi,
459 2315 656 2361 quorum
688 2297 794 2344 effet
832 2295 1066 2361 popellum
1103 2295 1348 2353 instruere3
1389 2294 1581 2342 minime
1612 2308 1765 2342 autem

227 2385 440 2433 omnium
467 2382 703 2447 potislimis
727 2395 944 2430 terrarum
971 2381 1089 2428 orbis
1114 2381 1370 2444 regionibus
1395 2382 1560 2426 tritam.
1621 2382 1767 2426 Cate-

229 2474 335 2525 tum
371 2489 594 2523 memores
641 2473 941 2521 meminerant
980 2467 1172 2527 Μοῖραι,
1222 2470 1501 2534 Scriptorum
1541 2465 1766 2512 sacrorum

1489 2555 1694 2622 Principe
1702 2572 1743 2602 m
1751 2595 1766 2619 2
