1977 2793
245 169 364 226 124
626 149 1375 211 APPENDIX.

631 382 1114 444 APPEND.
1192 382 1374 462 N0.5.

735 520 878 587 Coloffi
901 538 1000 587 cap.
1025 539 1065 571 2.
1091 539 1179 570 ver.
1200 539 1272 585 13.

234 618 322 675 Καὶ
354 620 479 690 ὑμεῖς
512 618 654 696 νεκρεές
690 617 805 677 ἕν’)ας
833 623 871 675 ἐν
898 624 986 679 τοῖς
1018 619 1340 693 ὤὲριπῗώμασι
1378 619 1413 697 13}
1441 624 1495 696 τῇ
1519 622 1773 697 α’κρθέυςῖᾳ

484 715 557 770 τῆς
578 711 740 786 σαξκός
764 714 900 783 ὑμῶν,
938 712 1245 788 συνεζωποίησε
1271 713 1346 768 σὸν
1380 713 1513 784 αὐτῷ.

351 865 577 914 ERGIT
601 865 859 932 Apostolus,
884 866 932 914 in
956 866 1141 931 egregio
1163 865 1290 931 quod
1315 884 1393 933 per
1412 866 1638 933 Baptisma
1661 886 1772 918 con-

377 955 637 1004 secuti.sunt
660 953 884 1003 beneficio
909 954 1232 1021 depingendo:
1259 955 1401 1021 idque
1424 956 1648 1006 coloribus
1672 977 1772 1008 ma-

230 1047 296 1108 gis
319 1044 473 1092 adhue
497 1045 628 1092 vivis:
666 1057 718 1092 ut
740 1056 917 1108 gratam
943 1043 1036 1110 ejus
1068 1046 1342 1092 memoriam
1371 1045 1503 1093 altius
1533 1048 1772 1114 imprime-

228 1136 284 1181 rit
309 1132 640 1182 Coloffenfium
666 1134 842 1180 animis.

302 1222 635 1270 Cohaerentiam
661 1222 873 1269 orationis
897 1220 1073 1269 filentio
1091 1234 1359 1287 praetereunt
1377 1224 1540 1288 quibus
1558 1237 1660 1273 utor
1680 1229 1770 1273 Ex-

226 1314 488 1379 planatores.
535 1311 751 1360 Mirabar.
803 1313 904 1358 Nec
928 1312 1054 1358 enim
1078 1312 1217 1357 cuivis
1240 1311 1395 1359 leetori
1420 1314 1646 1378 contingit
1671 1332 1770 1380 per—

225 1403 404 1468 spicere,
429 1400 668 1466 quomodo
692 1399 780 1447 hoc
801 1416 987 1446 comma
1007 1417 1117 1447 cum
1142 1399 1368 1464 praemiffo
1387 1402 1613 1464 congruit.
1652 1403 1771 1450 Prae-

223 1491 383 1556 figitur
406 1490 597 1557 quidem
619 1488 784 1554 copula
807 1481 900 1545 καὶ,
922 1487 995 1535 sed
1015 1487 1205 1535 verbum
1226 1488 1302 1536 cui
1327 1488 1446 1534 viam
1467 1486 1668 1546 inchoat,
1689 1488 1767 1547 est,

224 1576 571 1653 συνεζωοποίησε.
617 1579 872 1647 Qodnam
895 1591 1052 1626 autem
1082 1578 1157 1626 seu
1191 1596 1365 1626 nomen
1388 1579 1463 1626 seu
1488 1595 1767 1643 praenomen,

224 1673 326 1721 casu
358 1675 495 1728 reiio,
534 1669 718 1718 exhibet
749 1669 1053 1733 antegressum
1078 1671 1297 1725 Comma,
1337 1685 1543 1732 quocum
1580 1666 1768 1715 verbum

222 1761 342 1809 istud
359 1757 611 1828 jungatur?
633 1770 750 1805 certe
774 1757 970 1805 nullum.
1007 1757 1165 1820 Vulgo
1191 1758 1292 1819 (nec
1316 1755 1468 1821 mala)
1493 1755 1671 1803 dietum
1696 1757 1768 1802 in-

221 1852 432 1915 telligunt
456 1850 513 1896 de
539 1852 641 1915 De9
665 1847 900 1896 Christum
925 1846 1175 1893 excitante:
1212 1847 1310 1892 Cur
1340 1862 1451 1913 ergo
1477 1845 1643 1892 Paulus
1672 1863 1764 1891 non

221 1942 283 1987 ait
309 1931 365 2007 [23‘7
395 1928 828 2006 cvgwoffom'o-oeffl&]
852 1952 961 1982 cum
989 1933 1215 1999 praeiverat
1239 1929 1319 1997 [τὲ
1345 1928 1450 1980 Θεὲ
1480 1929 1540 1980 ri}
1571 1925 1766 1996 ἑγεῖξριν-

221 2027 313 2079 T&
330 2026 370 2097 ?]
405 2037 457 2072 ut
479 2023 746 2090 expediatur
771 2021 847 2069 hic
872 2021 1034 2078 nodUS,
1067 2032 1112 2068 et
1136 2019 1462 2068 Grammaticae
1493 2036 1587 2065 non
1611 2020 1764 2082 ingra—

220 2119 290 2164 tiis
309 2137 322 2176 3
351 2118 534 2163 Cuneus
549 2113 642 2159 esto
666 2110 843 2176 ellipsis,
860 2129 938 2176 per
957 2128 1097 2175 quam
1118 2126 1212 2155 non
1231 2108 1507 2172 ineleganter
1527 2106 1764 2154 subaudias

219 2209 572 2258 Nominativum
597 2204 840 2252 articulum
858 2195 947 2274 [ὃς]
972 2215 1022 2249 ut
1045 2203 1218 2265 integra
1241 2200 1386 2246 oratio
1412 2196 1464 2245 fit
1489 2189 1555 2263 [ὃς
1578 2190 1613 2266 23}
1637 2194 1763 2260 ὑμᾶς

220 2300 329 2368 &c.]
368 2296 462 2360 Qi
485 2295 622 2340 etiam
648 2296 759 2363 vos.]
814 2294 939 2338 Nam
963 2288 1209 2337 articulum
1234 2286 1579 2353 Subjunecivum
1616 2303 1762 2350 quan—

219 2387 371 2451 doque
397 2383 624 2432 subaudiri
659 2382 819 2429 monui
849 2381 909 2428 ad
935 2382 1048 2445 Cap.
1066 2397 1106 2426 1.
1126 2394 1212 2424 ver.
1235 2393 1309 2435 24.
1349 2374 1490 2443 Qod
1525 2385 1569 2420 et
1592 2376 1762 2420 Exem-

218 2478 298 2543 plis
323 2475 517 2532 firmavi,
547 2473 696 2540 petitis
724 2476 774 2520 Ε.
793 2490 831 2519 1.
859 2472 937 2539 Joi
957 2489 1030 2534 3.1
1047 2486 1087 2518 2.
1140 2464 1189 2533 [ἐ
1213 2458 1354 2518 καθώς
1377 2456 1487 2513 Κοίῑν
1514 2460 1559 2512 ἐκ
1584 2459 1641 2513 Tg
1661 2477 1761 2510 wo-

1660 2561 1759 2625 γης-ἕ
