1977 2793
625 114 1375 178 APPENDIX.
1656 146 1766 185 111

230 232 275 278 Si
299 248 403 279 vero
426 233 543 280 inter
564 251 644 281 nos
668 251 785 283 nova
815 237 990 302 Hydrae
1016 240 1181 305 Capita
1213 241 1502 307 repullulant,
1532 262 1634 310 quae
1660 247 1774 294 virus

229 322 278 368 in
297 320 475 369 Caelum
493 321 768 388 jaculantur,
795 338 839 372 et
863 327 913 374 in
937 326 1140 376 divinam
1161 327 1331 378 Christi
1350 342 1561 379 naturam
1582 331 1665 380 sese
1690 337 1775 381 eri-

227 422 359 473 gunt,
391 411 517 458 unde
542 411 730 470 constat,
768 413 922 462 laesum
950 414 1087 463 Illum
1113 416 1233 465 nolle
1266 419 1523 469 etiamnum
1550 421 1772 471 eaelestem

226 515 306 564 per
325 499 504 564 Pugiles
527 501 624 548 suos
648 503 859 550 virtutem
884 503 1171 569 destringere,
1192 518 1237 554 et
1261 505 1438 557 hostem
1461 510 1680 557 consuetis
1703 524 1772 558 te-

226 587 278 635 lis
300 588 608 654 prosternere?
643 591 769 656 quod
795 591 942 657 ipsum
966 594 1078 642 curn
1108 595 1246 643 multi
1276 597 1404 644 testes
1427 598 1575 665 reapse
1601 601 1772 649 sactum

226 678 314 726 effe
337 679 627 738 adseverant3
667 680 891 746 frigidum
919 682 984 730 est
1014 694 1059 730 et
1082 683 1268 749 puerile,
1307 687 1378 750 (ne
1406 686 1561 735 dicam
1590 706 1772 754 quoque

225 769 451 827 invidum,
471 781 516 817 et
535 770 810 838 malignum)
835 771 977 820 solam
998 775 1291 836 negationem
1311 775 1574 834 obtendere,
1600 779 1610 824 i
1616 779 1772 844 psum-

224 877 315 926 que
351 858 679 908 miraculorum
705 858 849 908 fincm
872 860 1129 909 obsoleviffe
1155 864 1440 928 pertinaciter
1463 865 1671 913 clamare.
1724 870 1770 913 A

225 968 271 998 re
302 968 397 999 non
429 951 513 997 erit
545 949 701 1015 legalis
733 950 1155 999 Administrationis
1189 951 1266 1000 hic
1301 955 1585 1002 meminiffe:
1628 958 1770 1013 Deus,

226 1037 342 1087 dum
362 1041 537 1103 Legem
556 1039 740 1104 publice
767 1039 913 1097 ferret,
938 1058 1032 1088 non
1056 1041 1201 1089 solum
1226 1041 1435 1106 Moysem
1461 1044 1609 1090 virum
1635 1046 1771 1091 mira—

224 1126 338 1174 culis
364 1138 599 1192 potentem
629 1127 870 1188 exhibuit3
910 1128 984 1176 sed
1009 1128 1197 1195 Josuam
1221 1147 1404 1194 quoque
1427 1130 1589 1178 esidem
1624 1133 1770 1195 gratia

223 1227 454 1275 ornatum,
498 1217 805 1266 Succefforem
847 1218 1007 1278 dedit3
1044 1231 1092 1266 et
1128 1219 1282 1267 multis
1319 1219 1572 1266 labentibus
1605 1221 1770 1268 saeculis

223 1303 389 1370 Elijam
415 1304 528 1352 caelo
551 1306 715 1370 pariter
737 1317 969 1370 potentem
989 1325 1004 1364 3
1041 1318 1087 1351 et
1103 1305 1308 1352 Eliffiam
1332 1308 1442 1353 tanti
1461 1309 1655 1356 Domini
1677 1326 1769 1355 non

222 1394 447 1458 imparem
472 1392 762 1458 Discipulum
782 1393 951 1459 Judaeis
970 1393 1197 1442 conceffit.
1236 1395 1427 1458 Moyses,
1454 1396 1615 1460 inquis,
1642 1398 1765 1443 tant&

221 1486 386 1532 virtute
419 1483 606 1531 indutus
643 1482 702 1530 ad
748 1484 1036 1531 autoritatem
1073 1484 1242 1530 recenti
1283 1483 1373 1547 legi
1411 1485 1764 1532 conciliandam.

222 1572 342 1621 Esto.
382 1572 509 1641 Qid
534 1588 645 1635 ergo
669 1571 847 1635 reliquis
871 1570 1112 1637 postquam
1132 1573 1226 1618 Lex
1242 1571 1489 1618 invaluerat
1512 1590 1622 1638 opus
1647 1575 1765 1620 erat?

221 1659 505 1725 Expediebat
528 1659 712 1725 Josuam
737 1658 814 1706 tali
840 1659 1056 1725 potestate
1074 1660 1273 1707 eminere
1295 1660 1356 1706 ad
1385 1659 1654 1724 subigendos
1678 1663 1762 1727 Ju-

220 1747 362 1796 daicae
386 1746 596 1796 Ecclefiae
628 1747 789 1804 hosteS,
828 1747 1078 1813 impiasque
1110 1761 1264 1812 gentes
1300 1749 1474 1796 sedibus
1501 1749 1583 1796 suis
1617 1752 1762 1798 eradi-

220 1836 400 1884 candas.
441 1838 538 1883 Cur
551 1836 690 1899 igitur
714 1835 840 1882 idem
863 1833 1151 1900 privilegium
1171 1835 1379 1882 Ecclefiae
1401 1835 1665 1884 Christianae
1686 1856 1763 1885 nc-

220 1943 311 1990 gas,
344 1942 444 1990 quae
468 1923 687 1972 Ethnicos
711 1923 855 1970 hostes
880 1923 1029 1980 habet,
1061 1923 1223 1990 eosque
1248 1943 1340 1972 non
1364 1943 1419 1971 ex
1448 1924 1644 1990 ipsorum
1676 1942 1760 1973 ter-

219 2017 289 2073 τίς,
316 2012 390 2062 sed
415 2032 472 2062 ex
491 2012 692 2079 suiipsius
713 2013 960 2061 ditionibus
983 2014 1248 2080 pellendos?
1278 2019 1386 2081 Qio
1406 2015 1497 2062 fine
1519 2017 1638 2083 Elijae
1660 2031 1757 2065 tan-

218 2111 264 2146 ta
289 2100 351 2146 vis
375 2097 650 2146 commiffa?
683 2098 741 2145 ad
767 2098 1147 2163 compescendam
1175 2098 1484 2147 Idololatriam
1509 2113 1618 2147 tunc
1644 2118 1756 2150 tcm-

217 2188 334 2253 poris
358 2187 656 2251 graffantem:
688 2204 779 2233 non
806 2186 934 2250 litigo
959 2205 1016 2233 an
1040 2188 1091 2233 esi
1111 2187 1403 2235 solummodo
1425 2188 1482 2235 de
1503 2189 1643 2235 causa.
1682 2192 1756 2235 Su—

217 2276 271 2322 tis
294 2273 358 2321 est
383 2274 509 2340 quod
533 2274 740 2339 religioni
769 2273 971 2340 Judaicae
999 2286 1179 2322 tantum
1211 2275 1414 2339 pugilem
1441 2294 1532 2323 non
1560 2277 1751 2323 invidt-s:

217 2381 301 2413 nec
325 2365 448 2411 enim
473 2365 636 2429 poteris
660 2363 789 2410 vilius
813 2379 944 2426 agere
977 2380 1085 2409 cum
1116 2365 1313 2411 Veritate
1339 2363 1608 2419 Christianu,
1640 2383 1750 2428 qua,

217 2470 327 2500 cum
363 2469 457 2499 non
495 2450 744 2499 minoribus
783 2463 1011 2517 prematur
1044 2449 1258 2510 hostibu3‚
1296 2453 1465 2518 :equale
1503 2450 1749 2498 subsidium

1589 2553 1752 2585 merito
