<?xml version="1.0" encoding="UTF-8"?>
<!DOCTYPE html PUBLIC "-//W3C//DTD XHTML 1.0 Transitional//EN"
    "http://www.w3.org/TR/xhtml1/DTD/xhtml1-transitional.dtd">
<html xmlns="http://www.w3.org/1999/xhtml" xml:lang="en" lang="en">
 <head>
  <title>
</title>
<meta http-equiv="Content-Type" content="text/html;charset=utf-8" />
  <meta name='ocr-system' content='tesseract 3.04.00' />
  <meta name='ocr-capabilities' content='ocr_page ocr_carea ocr_par ocr_line ocrx_word'/>
</head>
<body>
  <div class='ocr_page' id='page_1' title='image "./originalpoemsine00beau/originalpoemsine00beau_0176.png"; bbox 0 0 1977 2793; ppageno 0'>
   <div class='ocr_carea' id='block_1_1' title="bbox 219 131 1350 192">
    <p class='ocr_par' dir='ltr' id='par_1_1' title="bbox 219 131 1350 192">
     <span class='ocr_line' id='line_1_1' title="bbox 219 131 1350 192; baseline -0.002 0"><span class='ocrx_word' id='word_1_1' title='bbox 219 153 336 192; x_wconf 88' lang='lat'><strong>110</strong></span> <span class='ocrx_word' id='word_1_2' title='bbox 601 131 1350 191; x_wconf 89' lang='lat' dir='ltr'><strong>APPENDIX.</strong></span> 
     </span>
    </p>
   </div>
   <div class='ocr_carea' id='block_1_2' title="bbox 209 249 1753 1113">
    <p class='ocr_par' dir='ltr' id='par_1_2' title="bbox 209 249 1753 1113">
     <span class='ocr_line' id='line_1_2' title="bbox 212 249 1751 319; baseline 0.003 -22"><span class='ocrx_word' id='word_1_3' title='bbox 212 249 315 298; x_wconf 86' lang='lat' dir='ltr'><strong>beat</strong></span> <span class='ocrx_word' id='word_1_4' title='bbox 338 260 561 316; x_wconf 87' lang='lat' dir='ltr'><strong>patronos,</strong></span> <span class='ocrx_word' id='word_1_5' title='bbox 586 259 638 295; x_wconf 90' lang='lat' dir='ltr'><strong>ut</strong></span> <span class='ocrx_word' id='word_1_6' title='bbox 660 249 950 296; x_wconf 82' lang='lat' dir='ltr'>autoritatem</span> <span class='ocrx_word' id='word_1_7' title='bbox 973 266 1052 314; x_wconf 90' lang='lat' dir='ltr'><strong>per</strong></span> <span class='ocrx_word' id='word_1_8' title='bbox 1075 249 1173 296; x_wconf 92' lang='lat' dir='ltr'><strong>illos</strong></span> <span class='ocrx_word' id='word_1_9' title='bbox 1199 262 1360 297; x_wconf 84' lang='lat' dir='ltr'><strong>teneat.</strong></span> <span class='ocrx_word' id='word_1_10' title='bbox 1415 252 1586 309; x_wconf 90' lang='lat' dir='ltr'><strong>Nem0,</strong></span> <span class='ocrx_word' id='word_1_11' title='bbox 1624 254 1751 319; x_wconf 88' lang='lat' dir='ltr'><strong>quod</strong></span> 
     </span>
     <span class='ocr_line' id='line_1_3' title="bbox 211 336 1751 395; baseline 0.003 -10"><span class='ocrx_word' id='word_1_12' title='bbox 211 338 364 395; x_wconf 85' lang='lat' dir='ltr'><strong>sciam,</strong></span> <span class='ocrx_word' id='word_1_13' title='bbox 390 337 562 384; x_wconf 87' lang='lat' dir='ltr'><strong>inficias</strong></span> <span class='ocrx_word' id='word_1_14' title='bbox 587 336 670 384; x_wconf 86' lang='lat' dir='ltr'>ibit</span> <span class='ocrx_word' id='word_1_15' title='bbox 694 336 914 385; x_wconf 87' lang='lat' dir='ltr'><strong>miracula</strong></span> <span class='ocrx_word' id='word_1_16' title='bbox 938 336 1139 385; x_wconf 85' lang='lat' dir='ltr'><strong>nascenti</strong></span> <span class='ocrx_word' id='word_1_17' title='bbox 1164 337 1361 386; x_wconf 87' lang='lat' dir='ltr'><strong>ecclefiae</strong></span> <span class='ocrx_word' id='word_1_18' title='bbox 1386 340 1751 389; x_wconf 78' lang='lat' dir='ltr'><strong>convenientissi-</strong></span> 
     </span>
     <span class='ocr_line' id='line_1_4' title="bbox 210 423 1753 494; baseline 0.004 -23"><span class='ocrx_word' id='word_1_19' title='bbox 210 442 287 472; x_wconf 86' lang='lat' dir='ltr'><strong>ma</strong></span> <span class='ocrx_word' id='word_1_20' title='bbox 311 425 439 472; x_wconf 81' lang='lat' dir='ltr'><strong>fuiffe</strong></span> <span class='ocrx_word' id='word_1_21' title='bbox 458 423 679 473; x_wconf 74' lang='lat' dir='ltr'><strong>subsidia:</strong></span> <span class='ocrx_word' id='word_1_22' title='bbox 719 424 794 472; x_wconf 89' lang='lat' dir='ltr'><strong>sed</strong></span> <span class='ocrx_word' id='word_1_23' title='bbox 816 425 999 474; x_wconf 88' lang='lat' dir='ltr'><strong>nullum</strong></span> <span class='ocrx_word' id='word_1_24' title='bbox 1022 426 1196 475; x_wconf 89' lang='lat' dir='ltr'><strong>idcirco</strong></span> <span class='ocrx_word' id='word_1_25' title='bbox 1218 426 1352 476; x_wconf 86' lang='lat' dir='ltr'><strong>usum</strong></span> <span class='ocrx_word' id='word_1_26' title='bbox 1373 426 1658 494; x_wconf 87' lang='lat' dir='ltr'><strong>sequentibus</strong></span> <span class='ocrx_word' id='word_1_27' title='bbox 1677 429 1753 477; x_wconf 86' lang='lat' dir='ltr'><strong>sae-</strong></span> 
     </span>
     <span class='ocr_line' id='line_1_5' title="bbox 211 513 1751 582; baseline 0.003 -21"><span class='ocrx_word' id='word_1_28' title='bbox 211 515 321 561; x_wconf 84' lang='lat' dir='ltr'><strong>culis</strong></span> <span class='ocrx_word' id='word_1_29' title='bbox 345 513 567 572; x_wconf 86' lang='lat' dir='ltr'><strong>habitura,</strong></span> <span class='ocrx_word' id='word_1_30' title='bbox 605 515 739 579; x_wconf 84' lang='lat' dir='ltr'><strong>gratis</strong></span> <span class='ocrx_word' id='word_1_31' title='bbox 763 515 956 581; x_wconf 89' lang='lat' dir='ltr'><strong>quidem</strong></span> <span class='ocrx_word' id='word_1_32' title='bbox 988 515 1096 573; x_wconf 91' lang='lat' dir='ltr'><strong>dici,</strong></span> <span class='ocrx_word' id='word_1_33' title='bbox 1131 516 1261 564; x_wconf 90' lang='lat' dir='ltr'><strong>nullo</strong></span> <span class='ocrx_word' id='word_1_34' title='bbox 1291 530 1446 565; x_wconf 85' lang='lat' dir='ltr'><strong>autem</strong></span> <span class='ocrx_word' id='word_1_35' title='bbox 1477 531 1751 582; x_wconf 82' lang='lat' dir='ltr'><strong>argumento</strong></span> 
     </span>
     <span class='ocr_line' id='line_1_6' title="bbox 211 601 1750 671; baseline 0.003 -22"><span class='ocrx_word' id='word_1_36' title='bbox 211 601 475 650; x_wconf 87' lang='lat' dir='ltr'><strong>confirmari</strong></span> <span class='ocrx_word' id='word_1_37' title='bbox 505 603 663 670; x_wconf 88' lang='lat' dir='ltr'><strong>potest.</strong></span> <span class='ocrx_word' id='word_1_38' title='bbox 715 606 852 651; x_wconf 88' lang='lat' dir='ltr'><strong>Hanc</strong></span> <span class='ocrx_word' id='word_1_39' title='bbox 885 621 988 650; x_wconf 88' lang='lat' dir='ltr'><strong>vero</strong></span> <span class='ocrx_word' id='word_1_40' title='bbox 1018 603 1321 671; x_wconf 65' lang='lat' dir='ltr'><strong>objectionem</strong></span> <span class='ocrx_word' id='word_1_41' title='bbox 1353 606 1576 671; x_wconf 84' lang='lat' dir='ltr'><strong>imprimis</strong></span> <span class='ocrx_word' id='word_1_42' title='bbox 1599 608 1750 655; x_wconf 84' lang='lat' dir='ltr'><strong>mani-</strong></span> 
     </span>
     <span class='ocr_line' id='line_1_7' title="bbox 211 691 1749 760; baseline 0.001 -18"><span class='ocrx_word' id='word_1_43' title='bbox 211 693 321 742; x_wconf 75' lang='lat' dir='ltr'><strong>feste</strong></span> <span class='ocrx_word' id='word_1_44' title='bbox 344 707 606 760; x_wconf 83' lang='lat' dir='ltr'>retorqueo:</span> <span class='ocrx_word' id='word_1_45' title='bbox 642 692 869 758; x_wconf 86' lang='lat' dir='ltr'><strong>siquidem</strong></span> <span class='ocrx_word' id='word_1_46' title='bbox 891 692 952 740; x_wconf 85' lang='lat' dir='ltr'><strong>ad</strong></span> <span class='ocrx_word' id='word_1_47' title='bbox 977 691 1255 742; x_wconf 89' lang='lat' dir='ltr'><strong>hodiernum</strong></span> <span class='ocrx_word' id='word_1_48' title='bbox 1278 693 1417 760; x_wconf 89' lang='lat' dir='ltr'><strong>usque</strong></span> <span class='ocrx_word' id='word_1_49' title='bbox 1442 693 1568 742; x_wconf 91' lang='lat' dir='ltr'><strong>diem</strong></span> <span class='ocrx_word' id='word_1_50' title='bbox 1593 695 1749 743; x_wconf 86' lang='lat' dir='ltr'><strong>multae</strong></span> 
     </span>
     <span class='ocr_line' id='line_1_8' title="bbox 211 781 1748 852; baseline 0 -19"><span class='ocrx_word' id='word_1_51' title='bbox 211 799 379 852; x_wconf 80' lang='lat' dir='ltr'><strong>gentes,</strong></span> <span class='ocrx_word' id='word_1_52' title='bbox 417 784 478 831; x_wconf 84' lang='lat' dir='ltr'><strong>ad</strong></span> <span class='ocrx_word' id='word_1_53' title='bbox 509 801 704 850; x_wconf 82' lang='lat' dir='ltr'><strong>quarum</strong></span> <span class='ocrx_word' id='word_1_54' title='bbox 736 800 862 829; x_wconf 84' lang='lat' dir='ltr'><strong>aures</strong></span> <span class='ocrx_word' id='word_1_55' title='bbox 893 781 1079 830; x_wconf 84' lang='lat' dir='ltr'><strong>salutare</strong></span> <span class='ocrx_word' id='word_1_56' title='bbox 1112 784 1302 831; x_wconf 85' lang='lat' dir='ltr'>Nomen</span> <span class='ocrx_word' id='word_1_57' title='bbox 1324 793 1485 845; x_wconf 88' lang='lat' dir='ltr'>JESU</span> <span class='ocrx_word' id='word_1_58' title='bbox 1509 801 1748 849; x_wconf 88' lang='lat' dir='ltr'><strong>nunquam</strong></span> 
     </span>
     <span class='ocr_line' id='line_1_9' title="bbox 210 867 1751 939; baseline -0.001 -19"><span class='ocrx_word' id='word_1_59' title='bbox 210 873 424 939; x_wconf 87' lang='lat' dir='ltr'><strong>pervenit,</strong></span> <span class='ocrx_word' id='word_1_60' title='bbox 456 887 682 934; x_wconf 85' lang='lat' dir='ltr'><strong>magnum</strong></span> <span class='ocrx_word' id='word_1_61' title='bbox 706 867 994 934; x_wconf 89' lang='lat' dir='ltr'><strong>Apostolicis‚</strong></span> <span class='ocrx_word' id='word_1_62' title='bbox 1025 867 1061 916; x_wconf 87' lang='lat' dir='ltr'><strong>fi</strong></span> <span class='ocrx_word' id='word_1_63' title='bbox 1084 870 1164 934; x_wconf 91' lang='lat' dir='ltr'><strong>qui</strong></span> <span class='ocrx_word' id='word_1_64' title='bbox 1188 868 1304 927; x_wconf 89' lang='lat' dir='ltr'><strong>sunt,</strong></span> <span class='ocrx_word' id='word_1_65' title='bbox 1337 869 1603 918; x_wconf 83' lang='lat' dir='ltr'><strong>Mefforibus</strong></span> <span class='ocrx_word' id='word_1_66' title='bbox 1626 869 1751 934; x_wconf 86' lang='lat' dir='ltr'><strong>sege-</strong></span> 
     </span>
     <span class='ocr_line' id='line_1_10' title="bbox 209 956 1747 1027; baseline -0.003 -17"><span class='ocrx_word' id='word_1_67' title='bbox 209 973 304 1010; x_wconf 88' lang='lat' dir='ltr'><strong>tem</strong></span> <span class='ocrx_word' id='word_1_68' title='bbox 329 960 536 1027; x_wconf 83' lang='lat' dir='ltr'><strong>praebent.</strong></span> <span class='ocrx_word' id='word_1_69' title='bbox 574 960 628 1006; x_wconf 91' lang='lat' dir='ltr'><strong>In</strong></span> <span class='ocrx_word' id='word_1_70' title='bbox 652 975 849 1023; x_wconf 86' lang='lat' dir='ltr'><strong>quarum</strong></span> <span class='ocrx_word' id='word_1_71' title='bbox 872 956 1160 1005; x_wconf 75' lang='lat' dir='ltr'><strong>conversione</strong></span> <span class='ocrx_word' id='word_1_72' title='bbox 1180 976 1276 1009; x_wconf 90' lang='lat' dir='ltr'><strong>non</strong></span> <span class='ocrx_word' id='word_1_73' title='bbox 1300 960 1452 1006; x_wconf 86' lang='lat' dir='ltr'><strong>minus</strong></span> <span class='ocrx_word' id='word_1_74' title='bbox 1475 957 1575 1005; x_wconf 84' lang='lat' dir='ltr'><strong>usui</strong></span> <span class='ocrx_word' id='word_1_75' title='bbox 1599 970 1747 1016; x_wconf 86' lang='lat' dir='ltr'><strong>erunt,</strong></span> 
     </span>
     <span class='ocr_line' id='line_1_11' title="bbox 209 1045 1750 1113; baseline -0.002 -15"><span class='ocrx_word' id='word_1_76' title='bbox 209 1062 255 1098; x_wconf 90' lang='lat' dir='ltr'><strong>et</strong></span> <span class='ocrx_word' id='word_1_77' title='bbox 279 1050 392 1107; x_wconf 86' lang='lat' dir='ltr'><strong>sunt,</strong></span> <span class='ocrx_word' id='word_1_78' title='bbox 427 1048 666 1111; x_wconf 80' lang='lat' dir='ltr'><strong>Miracu]a‚</strong></span> <span class='ocrx_word' id='word_1_79' title='bbox 704 1063 848 1113; x_wconf 89' lang='lat' dir='ltr'><strong>quam</strong></span> <span class='ocrx_word' id='word_1_80' title='bbox 881 1047 952 1093; x_wconf 85' lang='lat' dir='ltr'><strong>SS.</strong></span> <span class='ocrx_word' id='word_1_81' title='bbox 972 1046 1092 1094; x_wconf 90' lang='lat' dir='ltr'><strong>Petri</strong></span> <span class='ocrx_word' id='word_1_82' title='bbox 1122 1057 1167 1093; x_wconf 86' lang='lat' dir='ltr'><strong>et</strong></span> <span class='ocrx_word' id='word_1_83' title='bbox 1191 1046 1321 1095; x_wconf 88' lang='lat' dir='ltr'><strong>Pauli</strong></span> <span class='ocrx_word' id='word_1_84' title='bbox 1346 1045 1624 1112; x_wconf 85' lang='lat' dir='ltr'><strong>temporibus</strong></span> <span class='ocrx_word' id='word_1_85' title='bbox 1649 1047 1750 1095; x_wconf 86' lang='lat' dir='ltr'><strong>fue-</strong></span> 
     </span>
    </p>
   </div>
   <div class='ocr_carea' id='block_1_3' title="bbox 209 1160 1749 1294">
    <p class='ocr_par' dir='ltr' id='par_1_3' title="bbox 209 1160 1749 1294">
     <span class='ocr_line' id='line_1_12' title="bbox 209 1160 326 1196; baseline -0.009 -1"><span class='ocrx_word' id='word_1_86' title='bbox 209 1160 326 1196; x_wconf 67' lang='lat' dir='ltr'><strong>runt,</strong></span> 
     </span>
     <span class='ocr_line' id='line_1_13' title="bbox 281 1224 1749 1294; baseline -0.007 -11"><span class='ocrx_word' id='word_1_87' title='bbox 281 1238 394 1283; x_wconf 87' lang='lat' dir='ltr'><strong>Haec</strong></span> <span class='ocrx_word' id='word_1_88' title='bbox 416 1232 529 1281; x_wconf 87' lang='lat' dir='ltr'><strong>forte</strong></span> <span class='ocrx_word' id='word_1_89' title='bbox 553 1248 659 1277; x_wconf 91' lang='lat' dir='ltr'><strong>cum</strong></span> <span class='ocrx_word' id='word_1_90' title='bbox 686 1227 968 1294; x_wconf 84' lang='lat' dir='ltr'><strong>pensitaveris</strong></span> <span class='ocrx_word' id='word_1_91' title='bbox 991 1244 1085 1274; x_wconf 93' lang='lat' dir='ltr'><strong>non</strong></span> <span class='ocrx_word' id='word_1_92' title='bbox 1111 1225 1297 1294; x_wconf 84' lang='lat' dir='ltr'><strong>negabis</strong></span> <span class='ocrx_word' id='word_1_93' title='bbox 1311 1245 1325 1284; x_wconf 87' lang='lat'>3</span> <span class='ocrx_word' id='word_1_94' title='bbox 1356 1225 1405 1272; x_wconf 90' lang='lat' dir='ltr'><strong>id</strong></span> <span class='ocrx_word' id='word_1_95' title='bbox 1427 1226 1574 1291; x_wconf 86' lang='lat' dir='ltr'><strong>potius</strong></span> <span class='ocrx_word' id='word_1_96' title='bbox 1596 1224 1749 1274; x_wconf 87' lang='lat' dir='ltr'><strong>causa-</strong></span> 
     </span>
    </p>
   </div>
   <div class='ocr_carea' id='block_1_4' title="bbox 210 1309 1750 2440">
    <p class='ocr_par' dir='ltr' id='par_1_4' title="bbox 210 1309 1750 2440">
     <span class='ocr_line' id='line_1_14' title="bbox 211 1309 1748 1379; baseline -0.007 -10"><span class='ocrx_word' id='word_1_97' title='bbox 211 1325 282 1379; x_wconf 86' lang='lat' dir='ltr'><strong>ris,</strong></span> <span class='ocrx_word' id='word_1_98' title='bbox 317 1321 391 1367; x_wconf 87' lang='lat' dir='ltr'><strong>cui</strong></span> <span class='ocrx_word' id='word_1_99' title='bbox 417 1318 610 1365; x_wconf 89' lang='lat' dir='ltr'><strong>demum</strong></span> <span class='ocrx_word' id='word_1_100' title='bbox 640 1314 738 1361; x_wconf 88' lang='lat' dir='ltr'><strong>usui</strong></span> <span class='ocrx_word' id='word_1_101' title='bbox 771 1310 991 1361; x_wconf 82' lang='lat' dir='ltr'><strong>miracula</strong></span> <span class='ocrx_word' id='word_1_102' title='bbox 1024 1312 1074 1358; x_wconf 91' lang='lat' dir='ltr'><strong>in</strong></span> <span class='ocrx_word' id='word_1_103' title='bbox 1097 1309 1301 1358; x_wconf 66' lang='lat' dir='ltr'><strong>Ecclesia</strong></span> <span class='ocrx_word' id='word_1_104' title='bbox 1324 1310 1505 1376; x_wconf 90' lang='lat' dir='ltr'><strong>pridem</strong></span> <span class='ocrx_word' id='word_1_105' title='bbox 1528 1311 1748 1369; x_wconf 66' lang='lat' dir='ltr'><strong>instituta,</strong></span> 
     </span>
     <span class='ocr_line' id='line_1_15' title="bbox 211 1397 1750 1475; baseline -0.008 -17"><span class='ocrx_word' id='word_1_106' title='bbox 211 1410 335 1475; x_wconf 86' lang='lat' dir='ltr'><strong>cujus</strong></span> <span class='ocrx_word' id='word_1_107' title='bbox 359 1406 476 1455; x_wconf 86' lang='lat' dir='ltr'><strong>filios</strong></span> <span class='ocrx_word' id='word_1_108' title='bbox 500 1421 592 1451; x_wconf 92' lang='lat' dir='ltr'><strong>non</strong></span> <span class='ocrx_word' id='word_1_109' title='bbox 617 1401 748 1449; x_wconf 89' lang='lat' dir='ltr'><strong>decet</strong></span> <span class='ocrx_word' id='word_1_110' title='bbox 771 1400 853 1447; x_wconf 83' lang='lat' dir='ltr'><strong>ista</strong></span> <span class='ocrx_word' id='word_1_111' title='bbox 877 1416 904 1446; x_wconf 88' lang='lat' dir='ltr'><strong>a</strong></span> <span class='ocrx_word' id='word_1_112' title='bbox 927 1401 1030 1446; x_wconf 89' lang='lat' dir='ltr'><strong>Deo</strong></span> <span class='ocrx_word' id='word_1_113' title='bbox 1052 1398 1312 1446; x_wconf 87' lang='lat' dir='ltr'><strong>testimonia</strong></span> <span class='ocrx_word' id='word_1_114' title='bbox 1338 1399 1534 1462; x_wconf 86' lang='lat' dir='ltr'><strong>exigere,</strong></span> <span class='ocrx_word' id='word_1_115' title='bbox 1568 1397 1644 1446; x_wconf 90' lang='lat' dir='ltr'><strong>sed</strong></span> <span class='ocrx_word' id='word_1_116' title='bbox 1675 1416 1750 1446; x_wconf 93' lang='lat' dir='ltr'><strong>or-</strong></span> 
     </span>
     <span class='ocr_line' id='line_1_16' title="bbox 212 1484 1750 1553; baseline -0.007 -8"><span class='ocrx_word' id='word_1_117' title='bbox 212 1496 395 1546; x_wconf 83' lang='lat' dir='ltr'><strong>dinariis</strong></span> <span class='ocrx_word' id='word_1_118' title='bbox 429 1491 603 1540; x_wconf 77' lang='lat' dir='ltr'><strong>auxiliis</strong></span> <span class='ocrx_word' id='word_1_119' title='bbox 636 1486 1003 1553; x_wconf 81' lang='lat' dir='ltr'><strong>argumentisque</strong></span> <span class='ocrx_word' id='word_1_120' title='bbox 1027 1498 1262 1534; x_wconf 89' lang='lat' dir='ltr'><strong>contentos</strong></span> <span class='ocrx_word' id='word_1_121' title='bbox 1287 1487 1426 1534; x_wconf 87' lang='lat' dir='ltr'><strong>Matri</strong></span> <span class='ocrx_word' id='word_1_122' title='bbox 1451 1485 1535 1533; x_wconf 88' lang='lat' dir='ltr'><strong>suae</strong></span> <span class='ocrx_word' id='word_1_123' title='bbox 1558 1484 1750 1534; x_wconf 80' lang='lat' dir='ltr'><strong>humili·</strong></span> 
     </span>
     <span class='ocr_line' id='line_1_17' title="bbox 210 1573 1749 1647; baseline -0.008 -13"><span class='ocrx_word' id='word_1_124' title='bbox 210 1600 277 1634; x_wconf 88' lang='lat' dir='ltr'><strong>ter</strong></span> <span class='ocrx_word' id='word_1_125' title='bbox 304 1584 343 1631; x_wconf 90' lang='lat' dir='ltr'><strong>se</strong></span> <span class='ocrx_word' id='word_1_126' title='bbox 371 1581 595 1647; x_wconf 84' lang='lat' dir='ltr'><strong>subjicere.</strong></span> <span class='ocrx_word' id='word_1_127' title='bbox 645 1575 874 1643; x_wconf 85' lang='lat' dir='ltr'><strong>Nunquid</strong></span> <span class='ocrx_word' id='word_1_128' title='bbox 907 1591 1016 1638; x_wconf 84' lang='lat' dir='ltr'><strong>ergo</strong></span> <span class='ocrx_word' id='word_1_129' title='bbox 1041 1573 1187 1640; x_wconf 88' lang='lat' dir='ltr'><strong>liquet</strong></span> <span class='ocrx_word' id='word_1_130' title='bbox 1211 1573 1325 1639; x_wconf 91' lang='lat' dir='ltr'><strong>ipsos</strong></span> <span class='ocrx_word' id='word_1_131' title='bbox 1349 1573 1589 1640; x_wconf 88' lang='lat' dir='ltr'><strong>Apostolos</strong></span> <span class='ocrx_word' id='word_1_132' title='bbox 1621 1573 1749 1624; x_wconf 90' lang='lat' dir='ltr'><strong>nulla</strong></span> 
     </span>
     <span class='ocr_line' id='line_1_18' title="bbox 212 1661 1748 1728; baseline -0.007 -7"><span class='ocrx_word' id='word_1_133' title='bbox 212 1672 401 1721; x_wconf 77' lang='lat' dir='ltr'><strong>edidiffe</strong></span> <span class='ocrx_word' id='word_1_134' title='bbox 440 1666 658 1716; x_wconf 81' lang='lat' dir='ltr'><strong>miracula</strong></span> <span class='ocrx_word' id='word_1_135' title='bbox 691 1664 774 1712; x_wconf 79' lang='lat' dir='ltr'><strong>nisi</strong></span> <span class='ocrx_word' id='word_1_136' title='bbox 797 1664 856 1711; x_wconf 84' lang='lat' dir='ltr'><strong>ad</strong></span> <span class='ocrx_word' id='word_1_137' title='bbox 883 1662 1208 1710; x_wconf 83' lang='lat' dir='ltr'><strong>convertendos</strong></span> <span class='ocrx_word' id='word_1_138' title='bbox 1232 1661 1438 1709; x_wconf 88' lang='lat' dir='ltr'><strong>infideles</strong></span> <span class='ocrx_word' id='word_1_139' title='bbox 1454 1681 1469 1721; x_wconf 83' lang='lat'>3</span> <span class='ocrx_word' id='word_1_140' title='bbox 1507 1680 1748 1728; x_wconf 86' lang='lat' dir='ltr'><strong>nunquam</strong></span> 
     </span>
     <span class='ocr_line' id='line_1_19' title="bbox 211 1749 1748 1827; baseline -0.007 -18"><span class='ocrx_word' id='word_1_141' title='bbox 211 1762 385 1827; x_wconf 88' lang='lat' dir='ltr'><strong>aliquos</strong></span> <span class='ocrx_word' id='word_1_142' title='bbox 410 1758 434 1805; x_wconf 77' lang='grc' dir='ltr'>ὲ</span> <span class='ocrx_word' id='word_1_143' title='bbox 461 1755 665 1803; x_wconf 84' lang='lat' dir='ltr'><strong>fratribus</strong></span> <span class='ocrx_word' id='word_1_144' title='bbox 690 1752 868 1809; x_wconf 58' lang='lat' dir='ltr'><strong>sanclffe,</strong></span> <span class='ocrx_word' id='word_1_145' title='bbox 901 1767 1139 1815; x_wconf 78' lang='lat' dir='ltr'><strong>nunquam</strong></span> <span class='ocrx_word' id='word_1_146' title='bbox 1166 1749 1321 1797; x_wconf 66' lang='lat' dir='ltr'><strong>divina</strong></span> <span class='ocrx_word' id='word_1_147' title='bbox 1349 1751 1511 1797; x_wconf 90' lang='lat' dir='ltr'><strong>virtute</strong></span> <span class='ocrx_word' id='word_1_148' title='bbox 1535 1749 1748 1799; x_wconf 80' lang='lat' dir='ltr'><strong>fidelibus</strong></span> 
     </span>
     <span class='ocr_line' id='line_1_20' title="bbox 212 1838 1747 1911; baseline -0.007 -11"><span class='ocrx_word' id='word_1_149' title='bbox 212 1849 489 1901; x_wconf 63' lang='lat' dir='ltr'><strong>subvenisse?</strong></span> <span class='ocrx_word' id='word_1_150' title='bbox 528 1847 640 1911; x_wconf 83' lang='lat' dir='ltr'><strong>Qis</strong></span> <span class='ocrx_word' id='word_1_151' title='bbox 664 1857 759 1892; x_wconf 87' lang='lat' dir='ltr'><strong>tam</strong></span> <span class='ocrx_word' id='word_1_152' title='bbox 783 1860 933 1890; x_wconf 89' lang='lat' dir='ltr'><strong>vecors</strong></span> <span class='ocrx_word' id='word_1_153' title='bbox 957 1854 1009 1889; x_wconf 85' lang='lat' dir='ltr'><strong>ut</strong></span> <span class='ocrx_word' id='word_1_154' title='bbox 1032 1840 1120 1889; x_wconf 88' lang='lat' dir='ltr'><strong>hoc</strong></span> <span class='ocrx_word' id='word_1_155' title='bbox 1141 1839 1381 1888; x_wconf 82' lang='lat' dir='ltr'><strong>adfirmet!</strong></span> <span class='ocrx_word' id='word_1_156' title='bbox 1405 1838 1492 1886; x_wconf 90' lang='lat' dir='ltr'><strong>Sed</strong></span> <span class='ocrx_word' id='word_1_157' title='bbox 1518 1852 1569 1886; x_wconf 89' lang='lat' dir='ltr'><strong>ut</strong></span> <span class='ocrx_word' id='word_1_158' title='bbox 1592 1840 1747 1889; x_wconf 83' lang='lat' dir='ltr'><strong>differ-</strong></span> 
     </span>
     <span class='ocr_line' id='line_1_21' title="bbox 211 1927 1747 2002; baseline -0.008 -14"><span class='ocrx_word' id='word_1_159' title='bbox 211 1942 430 1989; x_wconf 83' lang='lat' dir='ltr'><strong>tationem</strong></span> <span class='ocrx_word' id='word_1_160' title='bbox 456 1935 635 2002; x_wconf 71' lang='lat' dir='ltr'><strong>propius</strong></span> <span class='ocrx_word' id='word_1_161' title='bbox 659 1933 981 1989; x_wconf 79' lang='lat' dir='ltr'><strong>committam3</strong></span> <span class='ocrx_word' id='word_1_162' title='bbox 1011 1947 1163 1977; x_wconf 89' lang='lat' dir='ltr'><strong>nonne</strong></span> <span class='ocrx_word' id='word_1_163' title='bbox 1187 1927 1341 1975; x_wconf 80' lang='lat' dir='ltr'><strong>adhuc</strong></span> <span class='ocrx_word' id='word_1_164' title='bbox 1364 1929 1562 1974; x_wconf 84' lang='lat' dir='ltr'><strong>Daemon</strong></span> <span class='ocrx_word' id='word_1_165' title='bbox 1586 1945 1747 1993; x_wconf 92' lang='lat' dir='ltr'><strong>corpo-</strong></span> 
     </span>
     <span class='ocr_line' id='line_1_22' title="bbox 211 2012 1747 2083; baseline -0.008 -8"><span class='ocrx_word' id='word_1_166' title='bbox 211 2046 259 2076; x_wconf 74' lang='lat' dir='ltr'><strong>ra</strong></span> <span class='ocrx_word' id='word_1_167' title='bbox 284 2025 473 2081; x_wconf 77' lang='lat' dir='ltr'><strong>obsidet,</strong></span> <span class='ocrx_word' id='word_1_168' title='bbox 504 2038 656 2070; x_wconf 89' lang='lat' dir='ltr'><strong>nonne</strong></span> <span class='ocrx_word' id='word_1_169' title='bbox 680 2017 866 2075; x_wconf 87' lang='lat' dir='ltr'><strong>haerefis,</strong></span> <span class='ocrx_word' id='word_1_170' title='bbox 900 2035 957 2065; x_wconf 91' lang='lat' dir='ltr'><strong>ne</strong></span> <span class='ocrx_word' id='word_1_171' title='bbox 989 2016 1119 2083; x_wconf 82' lang='lat' dir='ltr'><strong>plura</strong></span> <span class='ocrx_word' id='word_1_172' title='bbox 1142 2014 1330 2071; x_wconf 80' lang='lat' dir='ltr'><strong>addam,</strong></span> <span class='ocrx_word' id='word_1_173' title='bbox 1365 2014 1542 2060; x_wconf 88' lang='lat' dir='ltr'><strong>animos</strong></span> <span class='ocrx_word' id='word_1_174' title='bbox 1565 2012 1747 2062; x_wconf 87' lang='lat' dir='ltr'><strong>inficit?</strong></span> 
     </span>
     <span class='ocr_line' id='line_1_23' title="bbox 211 2101 1748 2180; baseline -0.009 -16"><span class='ocrx_word' id='word_1_175' title='bbox 211 2120 270 2164; x_wconf 79' lang='lat' dir='ltr'><strong>Et</strong></span> <span class='ocrx_word' id='word_1_176' title='bbox 294 2116 390 2180; x_wconf 86' lang='lat' dir='ltr'><strong>quis</strong></span> <span class='ocrx_word' id='word_1_177' title='bbox 416 2117 517 2160; x_wconf 94' lang='lat' dir='ltr'><strong>Deo</strong></span> <span class='ocrx_word' id='word_1_178' title='bbox 541 2128 700 2158; x_wconf 84' lang='lat' dir='ltr'><strong>manus</strong></span> <span class='ocrx_word' id='word_1_179' title='bbox 731 2110 887 2165; x_wconf 88' lang='lat' dir='ltr'><strong>vincit,</strong></span> <span class='ocrx_word' id='word_1_180' title='bbox 919 2124 977 2153; x_wconf 89' lang='lat' dir='ltr'><strong>ne</strong></span> <span class='ocrx_word' id='word_1_181' title='bbox 1009 2102 1276 2153; x_wconf 65' lang='lat' dir='ltr'><strong>miraculosa</strong></span> <span class='ocrx_word' id='word_1_182' title='bbox 1305 2105 1465 2150; x_wconf 89' lang='lat' dir='ltr'><strong>virtute</strong></span> <span class='ocrx_word' id='word_1_183' title='bbox 1497 2101 1748 2166; x_wconf 81' lang='lat' dir='ltr'><strong>expellatur</strong></span> 
     </span>
     <span class='ocr_line' id='line_1_24' title="bbox 211 2189 1745 2262; baseline -0.009 -10"><span class='ocrx_word' id='word_1_184' title='bbox 211 2205 293 2262; x_wconf 85' lang='lat' dir='ltr'><strong>illi,</strong></span> <span class='ocrx_word' id='word_1_185' title='bbox 321 2203 414 2251; x_wconf 83' lang='lat' dir='ltr'><strong>haec</strong></span> <span class='ocrx_word' id='word_1_186' title='bbox 438 2197 761 2248; x_wconf 81' lang='lat' dir='ltr'><strong>convincatur?</strong></span> <span class='ocrx_word' id='word_1_187' title='bbox 798 2199 992 2244; x_wconf 88' lang='lat' dir='ltr'><strong>Monens</strong></span> <span class='ocrx_word' id='word_1_188' title='bbox 1016 2195 1129 2243; x_wconf 89' lang='lat' dir='ltr'><strong>olim</strong></span> <span class='ocrx_word' id='word_1_189' title='bbox 1155 2193 1352 2240; x_wconf 78' lang='lat' dir='ltr'><strong>Salvator</strong></span> <span class='ocrx_word' id='word_1_190' title='bbox 1375 2189 1615 2257; x_wconf 76' lang='lat' dir='ltr'><strong>quoddam</strong></span> <span class='ocrx_word' id='word_1_191' title='bbox 1638 2193 1745 2249; x_wconf 74' lang='lat' dir='ltr'>Dae·.</span> 
     </span>
     <span class='ocr_line' id='line_1_25' title="bbox 212 2275 1746 2350; baseline -0.011 -12"><span class='ocrx_word' id='word_1_192' title='bbox 212 2291 475 2339; x_wconf 87' lang='lat' dir='ltr'><strong>moniorum</strong></span> <span class='ocrx_word' id='word_1_193' title='bbox 500 2304 639 2350; x_wconf 84' lang='lat' dir='ltr'><strong>genus</strong></span> <span class='ocrx_word' id='word_1_194' title='bbox 664 2303 757 2333; x_wconf 87' lang='lat' dir='ltr'><strong>non</strong></span> <span class='ocrx_word' id='word_1_195' title='bbox 790 2283 873 2331; x_wconf 82' lang='lat' dir='ltr'><strong>nisi</strong></span> <span class='ocrx_word' id='word_1_196' title='bbox 903 2283 1075 2350; x_wconf 83' lang='lat' dir='ltr'><strong>jejunio</strong></span> <span class='ocrx_word' id='word_1_197' title='bbox 1099 2292 1144 2328; x_wconf 88' lang='lat' dir='ltr'><strong>et</strong></span> <span class='ocrx_word' id='word_1_198' title='bbox 1168 2278 1372 2345; x_wconf 86' lang='lat' dir='ltr'><strong>precibus</strong></span> <span class='ocrx_word' id='word_1_199' title='bbox 1401 2277 1500 2344; x_wconf 87' lang='lat' dir='ltr'><strong>ejici</strong></span> <span class='ocrx_word' id='word_1_200' title='bbox 1528 2275 1664 2341; x_wconf 85' lang='lat' dir='ltr'><strong>poffe,</strong></span> <span class='ocrx_word' id='word_1_201' title='bbox 1700 2286 1746 2322; x_wconf 87' lang='lat' dir='ltr'><strong>et</strong></span> 
     </span>
     <span class='ocr_line' id='line_1_26' title="bbox 211 2362 1744 2440; baseline -0.01 -16"><span class='ocrx_word' id='word_1_202' title='bbox 211 2378 302 2426; x_wconf 90' lang='lat' dir='ltr'><strong>hoc</strong></span> <span class='ocrx_word' id='word_1_203' title='bbox 336 2374 550 2440; x_wconf 83' lang='lat' dir='ltr'><strong>grandius</strong></span> <span class='ocrx_word' id='word_1_204' title='bbox 584 2372 669 2419; x_wconf 81' lang='lat' dir='ltr'><strong>effe</strong></span> <span class='ocrx_word' id='word_1_205' title='bbox 702 2371 978 2418; x_wconf 82' lang='lat' dir='ltr'><strong>miraculum</strong></span> <span class='ocrx_word' id='word_1_206' title='bbox 1011 2369 1174 2425; x_wconf 83' lang='lat' dir='ltr'><strong>innuit,</strong></span> <span class='ocrx_word' id='word_1_207' title='bbox 1209 2379 1254 2414; x_wconf 88' lang='lat' dir='ltr'><strong>et</strong></span> <span class='ocrx_word' id='word_1_208' title='bbox 1280 2366 1370 2414; x_wconf 87' lang='lat' dir='ltr'><strong>istis</strong></span> <span class='ocrx_word' id='word_1_209' title='bbox 1405 2366 1544 2412; x_wconf 84' lang='lat' dir='ltr'><strong>etiam</strong></span> <span class='ocrx_word' id='word_1_210' title='bbox 1576 2362 1744 2411; x_wconf 88' lang='lat' dir='ltr'><strong>artibus</strong></span> 
     </span>
    </p>
   </div>
   <div class='ocr_carea' id='block_1_5' title="bbox 211 2451 1743 2584">
    <p class='ocr_par' dir='ltr' id='par_1_5' title="bbox 211 2451 1743 2584">
     <span class='ocr_line' id='line_1_27' title="bbox 211 2451 1742 2533; baseline -0.01 -20"><span class='ocrx_word' id='word_1_211' title='bbox 211 2464 442 2533; x_wconf 80' lang='lat' dir='ltr'><strong>patrabile‚</strong></span> <span class='ocrx_word' id='word_1_212' title='bbox 468 2479 576 2528; x_wconf 77' lang='lat' dir='ltr'><strong>quas</strong></span> <span class='ocrx_word' id='word_1_213' title='bbox 603 2460 806 2509; x_wconf 85' lang='lat' dir='ltr'><strong>nostrum</strong></span> <span class='ocrx_word' id='word_1_214' title='bbox 827 2459 1039 2508; x_wconf 80' lang='lat' dir='ltr'><strong>saeeulum</strong></span> <span class='ocrx_word' id='word_1_215' title='bbox 1060 2457 1128 2506; x_wconf 85' lang='lat' dir='ltr'><strong>vel</strong></span> <span class='ocrx_word' id='word_1_216' title='bbox 1148 2456 1293 2515; x_wconf 83' lang='lat' dir='ltr'><strong>callet,</strong></span> <span class='ocrx_word' id='word_1_217' title='bbox 1327 2454 1396 2503; x_wconf 84' lang='lat' dir='ltr'><strong>vel</strong></span> <span class='ocrx_word' id='word_1_218' title='bbox 1419 2453 1578 2503; x_wconf 86' lang='lat' dir='ltr'><strong>callere</strong></span> <span class='ocrx_word' id='word_1_219' title='bbox 1593 2451 1742 2500; x_wconf 89' lang='lat' dir='ltr'><strong>debet.</strong></span> 
     </span>
     <span class='ocr_line' id='line_1_28' title="bbox 1699 2537 1743 2584; baseline 0 0"><span class='ocrx_word' id='word_1_220' title='bbox 1699 2537 1743 2584; x_wconf 90' lang='lat' dir='ltr'><strong>Si</strong></span> 
     </span>
    </p>
   </div>
  </div>
 </body>
</html>
