1977 2793
636 141 1387 204 APPENDIX.
1664 169 1774 224 113

240 262 270 311 ὲ
294 265 332 310 S.
351 260 478 310 Luca
502 261 766 327 consignata
790 263 1031 313 testantur:
1058 265 1135 315 ubi
1162 284 1301 315 nemo
1327 264 1418 314 fine
1440 268 1617 333 stupore
1642 271 1680 314 S.
1698 271 1779 315 Pru

240 353 297 398 tri
320 351 552 409 umbram,
583 352 774 401 solidani
808 353 1040 403 sanitatem
1066 354 1225 420 spirare
1241 375 1255 414 ;
1294 355 1480 403 Sudaria
1505 368 1549 402 et
1575 356 1781 404 semicin-

239 441 328 486 &ia
352 457 378 487 a
402 444 523 489 tae‘tu
549 443 588 488 S.
607 441 737 488 Pauli
764 441 1000 491 salutarem
1025 440 1239 491 virtutem
1271 443 1442 491 deferre
1471 445 1605 491 videt.
1656 447 1779 501 Peto,

238 528 429 593 quando
451 527 540 575 hoc
565 526 868 592 privilegium,
905 529 1031 595 quod
1062 547 1170 578 cum
1199 528 1301 595 ipsis
1323 531 1546 595 Apostolis
1569 533 1781 596 expirasse

241 633 299 662 ne
325 615 741 682 impudentissimus
758 616 940 674 dixerit,
965 619 1255 683 antiquatum
1281 619 1451 666 fucrit?
1476 624 1550 666 An
1575 622 1634 668 ad
1663 640 1782 669 mor-

239 715 335 750 tem
366 703 581 750 omnium
605 703 984 770 Discipulorum?
1021 718 1068 752 at
1099 705 1194 752 haec
1213 708 1380 763 Virtus,
1417 719 1460 754 te
1482 707 1653 773 judice,
1691 728 1782 757 non

241 792 330 839 alia
352 793 524 839 ratione
543 790 646 858 ipsis
666 793 886 851 conceffa,
912 794 1053 860 quam
1074 806 1125 842 ut
1142 796 1429 843 autoritatem
1449 798 1696 861 Evangelio
1714 801 1783 846 in-

241 892 309 928 ter
322 879 541 928 Ethnicos
561 881 845 928 conciliaret:
873 899 972 946 quae
992 881 1112 930 certe
1130 882 1260 929 causa
1278 901 1386 930 cum
1402 884 1555 931 multis
1574 885 1781 936 deorsum

242 968 412 1016 saeculis
430 968 670 1026 duraverit,
693 969 834 1035 ipsam
853 989 1036 1039 quoque
1048 972 1276 1020 Virtutem
1292 972 1533 1020 necessario
1551 974 1778 1042 adjunges.

244 1058 467 1122 Qiamvis
489 1059 614 1105 enim
637 1057 845 1123 Apostoli
875 1077 953 1124 per
976 1076 1133 1106 omnes
1157 1058 1323 1106 mundi
1356 1059 1558 1107 cardines
1591 1073 1635 1106 et
1667 1061 1781 1107 ultra
1820 1082 1821 1086 ¹

242 1157 489 1210 utrumque
509 1144 660 1192 Solem
687 1145 872 1194 salutare
892 1146 1098 1194 Verbum
1125 1145 1388 1203 effuderint,
1414 1145 1608 1211 singulas
1628 1160 1784 1197 tamen

241 1235 454 1281 omniurn
480 1250 726 1298 regnorum
751 1246 1061 1299 terrarumque
1085 1235 1236 1299 plagas
1258 1237 1525 1300 neutiquam
1547 1237 1783 1301 personne*

242 1333 372 1368 runt:
401 1319 487 1367 hoc
512 1337 624 1385 opus
648 1320 830 1367 illorum
853 1320 1054 1376 PosteriS,
1081 1339 1166 1368 nec
1186 1323 1339 1387 paucis
1364 1321 1528 1369 saeculis
1552 1323 1782 1372 absolven-

245 1407 380 1464 dum,
406 1407 635 1473 superfuit.
674 1407 781 1456 Esto
796 1419 949 1454 tamen
963 1408 1262 1471 Evangelium
1285 1426 1361 1473 per
1379 1427 1536 1457 omnes
1550 1422 1680 1458 terras
1695 1411 1783 1459 du-

244 1493 361 1542 dum
376 1495 697 1561 percrebuisse:
724 1494 758 1543 fi
778 1497 1017 1560 ingruente
1036 1496 1345 1562 graffantequc
1371 1496 1674 1563 superstitione
1698 1518 1782 1565 pu-

243 1600 291 1630 ra
320 1583 479 1647 religio
502 1583 606 1631 loco
628 1583 816 1641 cefferit,
848 1583 982 1632 habes
1007 1583 1065 1631 de
1089 1602 1207 1632 novo
1237 1585 1362 1650 quod
1387 1586 1606 1635 miracula
1629 1588 1784 1652 postu—

245 1671 322 1729 let,
347 1670 483 1719 habes
515 1674 654 1720 etiam
676 1672 735 1720 ad
761 1672 1037 1721 hodiernum
1067 1672 1192 1722 diem
1218 1673 1432 1741 plurimas
1454 1675 1618 1723 Gentes
1642 1676 1700 1724 ad
1726 1676 1783 1726 fi-

245 1759 358 1808 dem
383 1760 718 1808 convertendas·

306 1849 535 1896 Caetert‘im
547 1850 753 1914 quamvis
767 1867 823 1897 ex
837 1848 925 1898 hac
942 1863 1064 1917 parte
1082 1851 1411 1901 Miraculorum
1423 1854 1651 1901 Virtutem
1664 1852 1780 1901 redi—

246 1939 394 1985 vivam
418 1937 505 1984 effe
529 1938 765 1994 conceda8‚
792 1939 887 1986 aliis
911 1952 1065 1987 tamen
1089 1941 1147 1987 de
1167 1941 1309 1988 caufis
1335 1939 1432 1988 fieri
1457 1957 1681 2006 pernegaS.
1725 1942 1776 1989 Id

246 2025 385 2088 igitur
403 2023 617 2089 deinceps
633 2025 826 2088 agimus.
866 2027 1031 2074 Monui
1054 2027 1250 2093 superius
1267 2028 1325 2074 ad
1347 2027 1577 2093 pellendos
1597 2032 1779 2077 Daemo—

244 2127 334 2167 nes,
371 2122 414 2156 et
451 2109 628 2157 haereses
656 2111 958 2159 confutandas
994 2115 1247 2160 etiamnum
1285 2131 1378 2160 non
1415 2114 1663 2179 indignum
1695 2117 1778 2163 efl‘c

244 2197 573 2245 miraculorum
599 2198 880 2247 subfidium:
907 2199 994 2247 alia
1020 2203 1088 2248 via
1104 2201 1201 2267 jam
1227 2201 1502 2266 progredior,
1528 2216 1572 2250 ct
1594 2204 1653 2250 ad
1679 2223 1777 2252 om—

246 2286 322 2333 nia
348 2296 611 2351 temporum
642 2288 948 2337 Monumenta
979 2306 1187 2353 provoco.
1236 2288 1368 2337 Nihil
1399 2291 1594 2355 recipcre
1623 2305 1777 2355 praeter

247 2373 503 2437 ScripturaS,
538 2372 686 2420 nescio
717 2391 775 2421 an
806 2375 1044 2441 petulantis
1068 2376 1134 2423 vel
1171 2375 1311 2424 insani
1341 2377 1510 2434 dicam,
1539 2378 1775 2443 praesertim

246 2460 355 2507 curn
380 2476 458 2526 per
477 2461 720 2526 Scripturas
745 2461 852 2510 solas
878 2462 935 2511 de
960 2463 1043 2511 illis
1067 2462 1169 2530 ipsis
1189 2482 1281 2514 non
1306 2465 1402 2515 satis
1421 2466 1606 2514 constat.
1645 2465 1779 2530 Qis-

1019 2553 1056 2597 P
1680 2554 1781 2618 quis
