1977 2793
620 167 1373 235 APPENDIX.
1647 196 1758 255 η,

227 301 478 353 vocemque
518 284 643 334 sensu
681 288 730 334 in
765 286 927 352 vulgus
967 286 1200 336 obtinente
1237 289 1584 354 intelligendam
1623 304 1764 358 putet.

228 378 338 442 Qo
360 374 551 440 quidem
575 374 778 433 confilio,
800 375 879 433 ait,
904 374 1019 446 Eph.
1032 392 1074 439 5.
1089 392 1133 439 5.
1170 373 1301 443 [παῖς
1319 369 1505 446 wo'qv&
1527 372 1549 430 ἢ
1570 372 1768 451 οἰκοίθας,

226 462 335 520 τῶς
363 456 388 516 ἥ
409 456 684 522 πλεονέκΊης,
718 455 760 517 ’ὅς
792 458 876 515 ἐςιν
907 456 1270 538 εἰδωλολοίτςης]
1322 467 1513 532 Quinto,
1542 469 1582 515 S.
1604 470 1767 516 Hiero-

226 569 410 617 nymus,
429 553 479 600 in
496 552 557 600 ad
573 551 689 619 Eph.
712 551 805 601 huc
823 551 932 601 facit
947 571 958 601 ε
971 555 1045 605 ait
1061 555 1187 610 enim
1207 556 1540 626 [operationem
1562 559 1767 606 immun-

225 640 349 688 ditiae
371 642 521 689 omnis
544 642 594 689 in
616 640 800 690 avaritia
823 640 932 710 (hoc
955 642 1035 701 est,
1070 635 1259 711 {effim'w
1293 637 1573 711 α’καθαςσίοις
1605 639 1770 699 ποίει-ης

222 726 263 781 ἐν
285 724 573 797 πλεονεξίᾳ.)
623 748 717 779 non
739 731 798 779 ad
837 733 1072 781 avaritiam
1112 744 1165 780 ut
1201 732 1327 782 sonat
1351 732 1612 800 fimpliciter
1632 738 1770 802 perti—

222 835 342 877 nere,
367 818 443 867 sed
467 818 528 867 ad
552 818 796 868 libidinem
819 831 954 886 atque
978 819 1223 876 luxuriam.
1394 821 1398 826 ’

291 907 450 956 Restat
470 908 721 966 videamuS,
745 927 839 975 quo
862 911 1050 958 nomine
1072 904 1337 973 πλεονεξῖά,
1367 909 1455 958 five
1478 911 1702 978 impotens
1721 927 1770 963 et

220 995 422 1048 belluina
443 997 604 1057 libido,
642 1013 935 1068 nuncupatur
961 993 1307 1071 εἰδωλολοῖἶξάαζ
1340 1004 1768 1061 Οεωετοηί,ω·λεο·

220 1086 344 1152 νεξῖα
366 1092 430 1140 est
453 1069 652 1150 avaritia,
677 1091 974 1141 nihilominus
991 1105 1147 1141 tamen
1172 1092 1264 1140 huc
1286 1092 1408 1150 facit,
1433 1094 1561 1159 quod
1585 1095 1661 1143 ille
1683 1095 1768 1145 ad-

218 1190 359 1226 notat.
418 1180 488 1226 Sic
511 1180 636 1227 enim
670 1178 810 1227 habet
840 1178 1110 1247 [Apostolus
1136 1193 1266 1228 vocat
1288 1183 1536 1237 avaritiam,
1572 1184 1768 1231 Idolola-

217 1269 352 1314 triam
370 1288 384 1325 ;
422 1284 516 1314 non
548 1268 676 1332 quod
708 1269 831 1322 velit,
873 1276 940 1334 (ut
964 1269 1102 1329 vulgo
1125 1266 1363 1331 accipitur)
1414 1269 1648 1321 avaritiam
1679 1273 1767 1322 effe

219 1354 549 1412 Idololatriam,
573 1353 650 1401 sed
675 1354 782 1418 quia
806 1352 922 1401 nihil
941 1352 1238 1402 execrabilius
1263 1364 1357 1401 erat
1379 1356 1592 1403 omnium
1609 1358 1766 1422 Judae—

218 1462 352 1492 orum
368 1443 550 1512 judicio
567 1442 710 1509 quam
726 1441 1001 1490 Idololatria.
1039 1445 1164 1490 Nam
1185 1440 1273 1490 hoc
1298 1442 1477 1491 solenne
1499 1443 1563 1492 est
1576 1444 1764 1494 Hebrae-

219 1535 267 1590 is,
302 1549 471 1597 magna
494 1543 679 1598 peccata
704 1543 857 1579 notare
883 1530 1146 1579 nominibus
1170 1549 1270 1598 quae
1295 1529 1556 1596 significant
1578 1546 1766 1598 peccata

218 1620 359 1686 vulg&
382 1620 677 1678 detestanda3
715 1631 767 1666 ut
799 1636 910 1666 cum
935 1618 1146 1666 Rebellio
1175 1619 1382 1668 adversus
1407 1623 1561 1668 Deum
1595 1621 1763 1671 dicitur

218 1710 266 1756 in
287 1708 517 1776 scriptura,
539 1709 806 1764 Divinatio,
833 1706 1106 1763 Incantatio,
1131 1718 1178 1755 et
1197 1707 1482 1765 Idololatria,
1515 1727 1533 1755 1
1552 1709 1670 1756 Sam.
1688 1726 1763 1772 15.

224 1814 299 1861 23.
343 1799 451 1844 Non
475 1795 603 1862 quod
629 1794 837 1843 Rebellio
862 1794 916 1841 fit
939 1795 1187 1852 Divinatio,
1213 1794 1288 1842 sed
1315 1793 1376 1843 fic
1402 1795 1604 1862 loquitur
1628 1799 1764 1863 Spiri-

216 1898 302 1943 tus,
329 1897 382 1932 ut
404 1896 530 1932 notet
552 1882 696 1949 quam
723 1881 776 1929 fit
800 1882 1059 1930 execrabilis
1087 1882 1315 1948 praefradta
1342 1883 1466 1948 apud
1489 1887 1642 1932 Deum
1663 1887 1762 1932 ani-

219 1976 285 2022 mi
310 1972 567 2021 obstinatio.
620 1971 690 2017 Sic
714 1968 944 2034 hodieque
970 1971 1188 2017 Germani
1214 1970 1364 2036 Judaei
1388 1972 1561 2035 quoties
1585 1972 1759 2037 aliquid

218 2061 496 2110 detestantur
522 2060 672 2122 (etiam
699 2058 815 2106 dum
841 2057 1115 2106 Germanice
1147 2057 1412 2124 loquuntur)
1448 2071 1612 2106 vocant
1642 2060 1759 2108 illud

218 2138 310 2205 ³730?
333 2166 359 2195 a
381 2138 458 2206 ξος)
480 2147 606 2213 quod
614 2146 824 2212 stztlptile
843 2146 1017 2193 Idolum
1026 2146 1266 2212 figrlfficat.
1304 2149 1362 2193 Et
1381 2147 1428 2193 in
1447 2145 1614 2214 scriptis
1634 2149 1758 2196 Rab-

218 2240 433 2287 binorum
458 2237 573 2286 nihil
595 2237 659 2286 est
683 2236 958 2303 frequentius
979 2235 1118 2302 quam
1154 2254 1218 2284 res
1251 2236 1581 2285 abominandas
1603 2239 1755 2302 appel-

217 2328 308 2376 lare
333 2319 493 2399 mfbfep]
531 2330 643 2374 Haec
670 2326 703 2374 fi
730 2327 922 2393 placent,
955 2325 1072 2392 justa
1098 2338 1222 2391 paret
1245 2328 1357 2373 ratio
1382 2326 1440 2373 ob
1465 2343 1603 2391 quam
1626 2329 1755 2392 Apo-

218 2417 353 2464 stolus
378 2413 655 2463 effraenatan1
679 2414 922 2462 libidinem
948 2411 1201 2471 detestatuS,
1236 2417 1352 2462 Eam
1377 2413 1651 2462 Idololatriae
1676 2429 1753 2458 vo-

216 2505 382 2554 cabulo
414 2504 639 2569 indigitat.

966 2608 1047 2640 aa
1378 2589 1750 2636 APPEND.
