1977 2793
649 124 1392 185 APPENDIX.
1662 150 1775 207 137

244 254 359 308 gatae
395 245 441 291 in
475 243 629 309 quavis
656 256 790 309 gente
814 244 1030 294 versiones
1062 247 1212 294 obfint
1237 250 1668 299 Communicationi
1692 255 1779 300 Ec·

245 334 499 391 clefiarum,
534 351 644 383 cum
677 337 844 382 interea
869 337 1040 384 Textus
1063 336 1313 385 Hebraicus
1345 352 1480 404 atque
1504 341 1689 389 Graecus
1721 341 1780 389 ab

245 422 458 468 omnibus
482 438 563 486 pro
586 421 852 469 authenticis
875 422 1136 471 habeantur.
1150 455 1221 464 —
1236 425 1318 472 Sed
1344 428 1492 491 pergit
1515 427 1779 479 Cardinalis.

315 504 380 571 [Si
400 505 492 554 ulla
511 508 624 554 ratio
642 507 749 555 effet
771 524 852 556 cur
871 509 1103 576 Scripturae
1126 512 1175 558 in
1196 513 1373 575 Lingua
1393 513 1566 577 vulgari
1590 516 1639 562 in
1662 528 1776 563 caetu

246 593 458 642 fidelium
497 595 588 658 legi
624 595 854 654 deberent,
894 613 947 644 ea
977 598 1097 646 certe²
1125 598 1232 646 eflet
1257 599 1497 665 potissima,
1533 615 1584 650 ut
1621 621 1778 651 omnes

246 681 560 745 intelligerent.
608 686 674 730 At
698 682 818 731 certe
842 684 1036 750 populus
1057 703 1151 733 non
1174 686 1445 751 intelligeret
1469 688 1712 755 Prophetas
1734 702 1778 737 et

247 767 461 826 Psalmos,
490 782 535 816 et
560 769 648 816 alia
671 787 769 834 quae
799 771 849 818 in
871 769 1072 818 Ecclesia
1095 772 1323 836 leguntur,
1360 773 1547 822 Etiamfi
1573 775 1777 822 materna

245 848 404 920 lingua
429 857 693 922 legerentur.
748 860 842 906 Nos
863 860 986 906 enim
1011 862 1090 924 qui
1115 861 1274 909 Latine
1298 861 1475 919 scimus,
1515 880 1607 910 non
1642 879 1778 929 prop-

245 945 364 992 terea
387 946 609 993 continuo
633 946 928 1010 intelligimus
953 948 1212 1012 ScripturaS,
1237 945 1321 994 nisi
1347 945 1629 1012 Expositores
1655 947 1778 1011 lega-

245 1052 346 1083 mus
375 1036 444 1083 vel
478 1036 736 1084 audiamus.
798 1035 1051 1102 Qomodo
1086 1053 1196 1100 ergo
1235 1037 1541 1100 intelligerent
1571 1037 1778 1087 homines

245 1125 444 1190 imperiti
461 1125 499 1196 ?]
544 1128 699 1190 Qam
723 1124 917 1173 craffum
949 1125 1052 1172 vero
1078 1124 1166 1173 hoc
1191 1124 1452 1190 Sophismal
1492 1128 1615 1173 Pone
1637 1127 1780 1186 enim,

245 1216 464 1258 rationem
486 1210 560 1274 effi3
582 1226 631 1257 ut
649 1229 787 1259 omnes
807 1212 1072 1275 intelligant.
1121 1211 1291 1259 Ideone
1312 1213 1533 1258 incassum
1553 1212 1607 1258 fit
1625 1211 1659 1260 fi
1677 1231 1780 1261 om-

246 1287 322 1343 nes
360 1313 454 1344 non
495 1295 795 1343 intellexerint
830 1294 1018 1342 omnia?
1061 1294 1289 1359 Intelligat
1324 1296 1511 1362 quisque
1549 1312 1775 1362 quantum

246 1396 398 1450 queat,
438 1396 755 1449 quantumque
794 1382 973 1429 dederit
1006 1382 1157 1431 Deus:
1201 1384 1372 1429 Caetera
1405 1383 1481 1448 pie
1515 1384 1776 1434 admiretur.

248 1475 401 1520 Nemo
423 1485 518 1519 tam
550 1471 682 1519 hebes
706 1472 817 1536 quin
842 1470 1061 1518 nonnulla
1085 1471 1237 1535 capiat
1256 1488 1355 1534 quae
1377 1471 1438 1518 ad
1466 1470 1774 1523 Christianam

246 1563 459 1609 virtutem
485 1560 608 1607 sunt:
647 1564 719 1617 Et,
759 1560 885 1626 quod
917 1559 1036 1607 male
1072 1560 1162 1607 urit
1193 1558 1472 1618 adversarios,
1508 1560 1776 1611 rusticorum

247 1647 449 1707 infimus,
473 1650 633 1697 audito
652 1650 901 1714 Decalogo,
928 1648 1061 1697 facile
1078 1649 1307 1714 percipiet,
1331 1649 1555 1711 Imagines
1577 1666 1669 1697 non
1689 1651 1777 1698 esse

246 1738 484 1786 colendas:
513 1737 687 1785 Audita
708 1737 993 1785 Institutione
1007 1735 1326 1793 Eucharistiae3
1352 1734 1559 1782 Calicem
1582 1752 1674 1782 non
1691 1736 1777 1783 effe

246 1825 515 1889 negandum
539 1825 743 1889 Populo:
779 1825 957 1875 Audito
985 1843 1008 1887 7
1033 1825 1195 1890 Capite
1218 1825 1373 1889 prioris
1396 1823 1455 1869 ad
1481 1824 1745 1871 Corinthios
1760 1845 1785 1884 ;‚

246 1913 376 1960 licere
400 1913 630 1977 quibusvis
656 1912 767 1958 inire
792 1911 1073 1977 conjugium.
1111 1911 1201 1958 Ubi
1224 1923 1377 1957 autem
1395 1909 1635 1958 obscurum
1662 1912 1778 1977 quid

247 2013 325 2047 aut
349 2000 613 2065 perplexum
633 2012 852 2055 occurret,
877 1998 1044 2045 faciant
1064 1996 1205 2053 La'ici,
1231 1997 1354 2062 quod
1381 2014 1464 2045 nec
1485 1996 1653 2046 Clerici
1673 1999 1777 2063 qui-

247 2088 356 2135 dem
380 2087 654 2134 detrectant:
691 2087 751 2135 ad
775 2086 1059 2134 eruditorum
1083 2102 1220 2150 opem
1243 2083 1523 2148 confugiant.

316 2176 566 2224 Ardentius
590 2176 688 2242 post
712 2187 911 2241 pugnat:
949 2173 1171 2239 [Populus
1196 2174 1372 2238 (inquit)
1398 2191 1490 2220 non
1514 2173 1657 2220 solum
1684 2190 1776 2218 non

248 2276 425 2329 caperet
448 2262 647 2311 fructum
680 2281 736 2311 ex
765 2263 1011 2328 Scripturis,
1046 2260 1119 2309 sed
1150 2264 1286 2308 etiam
1317 2274 1494 2326 caperet
1528 2260 1778 2306 detrimen-

247 2366 374 2400 tum:
412 2353 652 2417 Acciperet
675 2354 803 2401 enim
834 2350 1051 2398 facillime
1073 2349 1356 2398 occasionem
1380 2348 1571 2404 errandi,
1604 2360 1702 2394 tum
1728 2349 1774 2395 in

187 2415 190 2419 .
249 2438 453 2486 doctriua
477 2437 602 2496 fidei,
635 2451 734 2488 tum
766 2442 812 2487 in
846 2440 1074 2505 praeccptis
1113 2439 1212 2486 vitae
1243 2452 1288 2486 ct
1315 2453 1520 2485 morum:
1562 2436 1683 2481 Nam
1719 2453 1774 2481 ex

1013 2529 1041 2570 S
1550 2521 1776 2586 Scriptura.
