<?xml version="1.0" encoding="UTF-8"?>
<!DOCTYPE html PUBLIC "-//W3C//DTD XHTML 1.0 Transitional//EN"
    "http://www.w3.org/TR/xhtml1/DTD/xhtml1-transitional.dtd">
<html xmlns="http://www.w3.org/1999/xhtml" xml:lang="en" lang="en">
 <head>
  <title>
</title>
<meta http-equiv="Content-Type" content="text/html;charset=utf-8" />
  <meta name='ocr-system' content='tesseract 3.04.00' />
  <meta name='ocr-capabilities' content='ocr_page ocr_carea ocr_par ocr_line ocrx_word'/>
</head>
<body>
  <div class='ocr_page' id='page_1' title='image "./originalpoemsine00beau/originalpoemsine00beau_0187.png"; bbox 0 0 1977 2793; ppageno 0'>
   <div class='ocr_carea' id='block_1_1' title="bbox 638 133 1775 200">
    <p class='ocr_par' dir='ltr' id='par_1_1' title="bbox 638 133 1775 200">
     <span class='ocr_line' id='line_1_1' title="bbox 638 133 1775 200; baseline 0.009 -10"><span class='ocrx_word' id='word_1_1' title='bbox 638 133 1389 195; x_wconf 85' lang='lat' dir='ltr'><strong>APPENDIX.</strong></span> <span class='ocrx_word' id='word_1_2' title='bbox 1670 162 1775 200; x_wconf 83' lang='lat'>121</span> 
     </span>
    </p>
   </div>
   <div class='ocr_carea' id='block_1_2' title="bbox 242 250 1792 2534">
    <p class='ocr_par' dir='ltr' id='par_1_2' title="bbox 242 250 1792 1643">
     <span class='ocr_line' id='line_1_2' title="bbox 244 250 1787 320; baseline 0.004 -21"><span class='ocrx_word' id='word_1_3' title='bbox 244 263 291 299; x_wconf 86' lang='lat' dir='ltr'>at</span> <span class='ocrx_word' id='word_1_4' title='bbox 321 252 418 316; x_wconf 88' lang='lat' dir='ltr'>quis</span> <span class='ocrx_word' id='word_1_5' title='bbox 450 250 700 315; x_wconf 82' lang='lat' dir='ltr'>cogitando</span> <span class='ocrx_word' id='word_1_6' title='bbox 733 251 902 318; x_wconf 85' lang='lat' dir='ltr'>affequi</span> <span class='ocrx_word' id='word_1_7' title='bbox 928 253 1086 319; x_wconf 88' lang='lat' dir='ltr'>potest,</span> <span class='ocrx_word' id='word_1_8' title='bbox 1126 255 1330 319; x_wconf 87' lang='lat' dir='ltr'>quemvis</span> <span class='ocrx_word' id='word_1_9' title='bbox 1358 255 1612 320; x_wconf 85' lang='lat' dir='ltr'>Angelum,</span> <span class='ocrx_word' id='word_1_10' title='bbox 1651 258 1787 306; x_wconf 82' lang='lat' dir='ltr'>alicui</span> 
     </span>
     <span class='ocr_line' id='line_1_3' title="bbox 245 339 1789 410; baseline 0.004 -22"><span class='ocrx_word' id='word_1_11' title='bbox 245 339 460 405; x_wconf 79' lang='lat' dir='ltr'>singulari</span> <span class='ocrx_word' id='word_1_12' title='bbox 485 339 664 388; x_wconf 85' lang='lat' dir='ltr'>homini</span> <span class='ocrx_word' id='word_1_13' title='bbox 684 341 884 408; x_wconf 88' lang='lat' dir='ltr'>obsequi,</span> <span class='ocrx_word' id='word_1_14' title='bbox 908 354 952 389; x_wconf 88' lang='lat' dir='ltr'>et</span> <span class='ocrx_word' id='word_1_15' title='bbox 974 354 1131 391; x_wconf 87' lang='lat' dir='ltr'>tamen</span> <span class='ocrx_word' id='word_1_16' title='bbox 1156 343 1288 391; x_wconf 88' lang='lat' dir='ltr'>illum</span> <span class='ocrx_word' id='word_1_17' title='bbox 1313 344 1425 410; x_wconf 90' lang='lat' dir='ltr'>quid</span> <span class='ocrx_word' id='word_1_18' title='bbox 1447 343 1670 410; x_wconf 80' lang='lat' dir='ltr'>singulare</span> <span class='ocrx_word' id='word_1_19' title='bbox 1696 364 1789 395; x_wconf 89' lang='lat' dir='ltr'>non</span> 
     </span>
     <span class='ocr_line' id='line_1_4' title="bbox 244 428 1788 499; baseline 0.004 -23"><span class='ocrx_word' id='word_1_20' title='bbox 244 428 550 494; x_wconf 85' lang='lat' dir='ltr'><strong>cognoscere?</strong></span> <span class='ocrx_word' id='word_1_21' title='bbox 575 429 651 477; x_wconf 91' lang='lat' dir='ltr'>Ad</span> <span class='ocrx_word' id='word_1_22' title='bbox 674 428 784 488; x_wconf 89' lang='lat' dir='ltr'>haec,</span> <span class='ocrx_word' id='word_1_23' title='bbox 810 430 911 478; x_wconf 90' lang='lat' dir='ltr'>Sole</span> <span class='ocrx_word' id='word_1_24' title='bbox 935 430 1094 479; x_wconf 87' lang='lat' dir='ltr'>clarius</span> <span class='ocrx_word' id='word_1_25' title='bbox 1117 432 1181 479; x_wconf 87' lang='lat' dir='ltr'>est</span> <span class='ocrx_word' id='word_1_26' title='bbox 1197 433 1398 497; x_wconf 84' lang='lat' dir='ltr'>Angelos</span> <span class='ocrx_word' id='word_1_27' title='bbox 1423 435 1470 481; x_wconf 87' lang='lat' dir='ltr'>in</span> <span class='ocrx_word' id='word_1_28' title='bbox 1491 451 1624 499; x_wconf 87' lang='lat' dir='ltr'>gyros</span> <span class='ocrx_word' id='word_1_29' title='bbox 1646 448 1788 483; x_wconf 85' lang='lat' dir='ltr'>rotare</span> 
     </span>
     <span class='ocr_line' id='line_1_5' title="bbox 243 518 1792 594; baseline 0.003 -29"><span class='ocrx_word' id='word_1_30' title='bbox 243 518 434 566; x_wconf 85' lang='lat' dir='ltr'>caelestes</span> <span class='ocrx_word' id='word_1_31' title='bbox 457 519 598 576; x_wconf 88' lang='lat' dir='ltr'>orbes,</span> <span class='ocrx_word' id='word_1_32' title='bbox 628 519 839 584; x_wconf 86' lang='lat' dir='ltr'>nunquid</span> <span class='ocrx_word' id='word_1_33' title='bbox 865 520 1005 584; x_wconf 87' lang='lat' dir='ltr'>igitur</span> <span class='ocrx_word' id='word_1_34' title='bbox 1026 533 1171 584; x_wconf 86' lang='lat' dir='ltr'>agunt</span> <span class='ocrx_word' id='word_1_35' title='bbox 1203 522 1251 569; x_wconf 92' lang='lat' dir='ltr'>in</span> <span class='ocrx_word' id='word_1_36' title='bbox 1282 521 1380 569; x_wconf 88' lang='lat' dir='ltr'>illos</span> <span class='ocrx_word' id='word_1_37' title='bbox 1405 522 1531 594; x_wconf 78' lang='lat' dir='ltr'>orbes</span> <span class='ocrx_word' id='word_1_38' title='bbox 1565 525 1657 588; x_wconf 85' lang='lat' dir='ltr'>(qui</span> <span class='ocrx_word' id='word_1_39' title='bbox 1687 526 1792 590; x_wconf 88' lang='lat' dir='ltr'>qui-</span> 
     </span>
     <span class='ocr_line' id='line_1_6' title="bbox 243 604 1789 673; baseline 0.003 -18"><span class='ocrx_word' id='word_1_40' title='bbox 243 606 354 655; x_wconf 88' lang='lat' dir='ltr'>dem</span> <span class='ocrx_word' id='word_1_41' title='bbox 378 607 482 654; x_wconf 89' lang='lat' dir='ltr'>sunt</span> <span class='ocrx_word' id='word_1_42' title='bbox 505 604 763 673; x_wconf 76' lang='lat' dir='ltr'>singulares)</span> <span class='ocrx_word' id='word_1_43' title='bbox 787 620 832 654; x_wconf 89' lang='lat' dir='ltr'>et</span> <span class='ocrx_word' id='word_1_44' title='bbox 850 607 1036 655; x_wconf 87' lang='lat' dir='ltr'>illorum</span> <span class='ocrx_word' id='word_1_45' title='bbox 1058 609 1240 656; x_wconf 88' lang='lat' dir='ltr'>interim</span> <span class='ocrx_word' id='word_1_46' title='bbox 1260 611 1406 673; x_wconf 86' lang='lat' dir='ltr'>ignari</span> <span class='ocrx_word' id='word_1_47' title='bbox 1427 611 1626 658; x_wconf 88' lang='lat' dir='ltr'>restant?</span> <span class='ocrx_word' id='word_1_48' title='bbox 1650 613 1789 659; x_wconf 85' lang='lat' dir='ltr'>recla—</span> 
     </span>
     <span class='ocr_line' id='line_1_7' title="bbox 244 693 1789 763; baseline 0.002 -21"><span class='ocrx_word' id='word_1_49' title='bbox 244 707 343 742; x_wconf 85' lang='lat' dir='ltr'>mat</span> <span class='ocrx_word' id='word_1_50' title='bbox 364 707 483 743; x_wconf 89' lang='lat' dir='ltr'>totus</span> <span class='ocrx_word' id='word_1_51' title='bbox 507 693 889 760; x_wconf 87' lang='lat' dir='ltr'>Philosophorum</span> <span class='ocrx_word' id='word_1_52' title='bbox 915 712 1040 760; x_wconf 82' lang='lat' dir='ltr'>grex,</span> <span class='ocrx_word' id='word_1_53' title='bbox 1066 695 1234 754; x_wconf 89' lang='lat' dir='ltr'>dicens,</span> <span class='ocrx_word' id='word_1_54' title='bbox 1259 697 1374 744; x_wconf 88' lang='lat' dir='ltr'>nihil</span> <span class='ocrx_word' id='word_1_55' title='bbox 1398 715 1530 762; x_wconf 83' lang='lat' dir='ltr'>agere</span> <span class='ocrx_word' id='word_1_56' title='bbox 1555 700 1602 745; x_wconf 88' lang='lat' dir='ltr'>in</span> <span class='ocrx_word' id='word_1_57' title='bbox 1627 701 1789 763; x_wconf 82' lang='lat' dir='ltr'>incog-</span> 
     </span>
     <span class='ocr_line' id='line_1_8' title="bbox 243 783 1783 848; baseline 0.003 -18"><span class='ocrx_word' id='word_1_58' title='bbox 243 783 410 831; x_wconf 89' lang='lat' dir='ltr'>nitum.</span> <span class='ocrx_word' id='word_1_59' title='bbox 454 783 612 832; x_wconf 88' lang='lat' dir='ltr'>Restat</span> <span class='ocrx_word' id='word_1_60' title='bbox 635 784 788 847; x_wconf 84' lang='lat' dir='ltr'>igitur,</span> <span class='ocrx_word' id='word_1_61' title='bbox 822 797 874 830; x_wconf 90' lang='lat' dir='ltr'>ut</span> <span class='ocrx_word' id='word_1_62' title='bbox 898 784 1095 831; x_wconf 90' lang='lat' dir='ltr'>modum</span> <span class='ocrx_word' id='word_1_63' title='bbox 1121 785 1425 848; x_wconf 86' lang='lat' dir='ltr'>cognoscendi</span> <span class='ocrx_word' id='word_1_64' title='bbox 1450 788 1783 835; x_wconf 86' lang='lat' dir='ltr'>animadverta-</span> 
     </span>
     <span class='ocr_line' id='line_1_9' title="bbox 243 872 1790 940; baseline 0.001 -20"><span class='ocrx_word' id='word_1_65' title='bbox 243 891 359 920; x_wconf 87' lang='lat' dir='ltr'>mus.</span> <span class='ocrx_word' id='word_1_66' title='bbox 422 872 720 937; x_wconf 88' lang='lat' dir='ltr'>Cognoscunt</span> <span class='ocrx_word' id='word_1_67' title='bbox 744 872 935 938; x_wconf 86' lang='lat' dir='ltr'>quidem</span> <span class='ocrx_word' id='word_1_68' title='bbox 969 886 1066 921; x_wconf 79' lang='lat' dir='ltr'>tarn</span> <span class='ocrx_word' id='word_1_69' title='bbox 1101 874 1349 921; x_wconf 83' lang='lat' dir='ltr'>materialia</span> <span class='ocrx_word' id='word_1_70' title='bbox 1372 892 1511 940; x_wconf 82' lang='lat' dir='ltr'>quam</span> <span class='ocrx_word' id='word_1_71' title='bbox 1537 876 1790 922; x_wconf 85' lang='lat' dir='ltr'>immateri-</span> 
     </span>
     <span class='ocr_line' id='line_1_10' title="bbox 242 960 1786 1030; baseline 0.003 -22"><span class='ocrx_word' id='word_1_72' title='bbox 242 961 358 1020; x_wconf 84' lang='lat' dir='ltr'>alia;</span> <span class='ocrx_word' id='word_1_73' title='bbox 395 960 455 1009; x_wconf 89' lang='lat' dir='ltr'>ad</span> <span class='ocrx_word' id='word_1_74' title='bbox 488 979 631 1028; x_wconf 88' lang='lat' dir='ltr'>quam</span> <span class='ocrx_word' id='word_1_75' title='bbox 665 962 856 1026; x_wconf 88' lang='lat' dir='ltr'>quidem</span> <span class='ocrx_word' id='word_1_76' title='bbox 891 963 1201 1027; x_wconf 85' lang='lat' dir='ltr'>cognitionem</span> <span class='ocrx_word' id='word_1_77' title='bbox 1238 980 1329 1010; x_wconf 91' lang='lat' dir='ltr'>non</span> <span class='ocrx_word' id='word_1_78' title='bbox 1352 981 1464 1030; x_wconf 87' lang='lat' dir='ltr'>opus</span> <span class='ocrx_word' id='word_1_79' title='bbox 1487 964 1551 1011; x_wconf 89' lang='lat' dir='ltr'>est</span> <span class='ocrx_word' id='word_1_80' title='bbox 1576 964 1786 1012; x_wconf 90' lang='lat' dir='ltr'>sensuum</span> 
     </span>
     <span class='ocr_line' id='line_1_11' title="bbox 245 1048 1789 1116; baseline 0.002 -19"><span class='ocrx_word' id='word_1_81' title='bbox 245 1048 511 1107; x_wconf 88' lang='lat' dir='ltr'>ministeri0‚</span> <span class='ocrx_word' id='word_1_82' title='bbox 544 1050 778 1115; x_wconf 84' lang='lat' dir='ltr'>poffumus</span> <span class='ocrx_word' id='word_1_83' title='bbox 800 1051 926 1097; x_wconf 87' lang='lat' dir='ltr'>enim</span> <span class='ocrx_word' id='word_1_84' title='bbox 951 1050 1101 1098; x_wconf 85' lang='lat' dir='ltr'>dicere</span> <span class='ocrx_word' id='word_1_85' title='bbox 1125 1069 1235 1099; x_wconf 87' lang='lat' dir='ltr'>cum</span> <span class='ocrx_word' id='word_1_86' title='bbox 1266 1053 1511 1109; x_wconf 72' lang='lat' dir='ltr'>nonnulli8‚</span> <span class='ocrx_word' id='word_1_87' title='bbox 1553 1053 1789 1116; x_wconf 84' lang='lat' dir='ltr'>Angelum</span> 
     </span>
     <span class='ocr_line' id='line_1_12' title="bbox 244 1137 1790 1206; baseline 0.003 -21"><span class='ocrx_word' id='word_1_88' title='bbox 244 1155 324 1204; x_wconf 89' lang='lat' dir='ltr'>per</span> <span class='ocrx_word' id='word_1_89' title='bbox 348 1138 474 1186; x_wconf 82' lang='lat' dir='ltr'>suam</span> <span class='ocrx_word' id='word_1_90' title='bbox 502 1137 780 1204; x_wconf 70' lang='lat' dir='ltr'>praesentiam</span> <span class='ocrx_word' id='word_1_91' title='bbox 810 1157 876 1187; x_wconf 89' lang='lat' dir='ltr'>res</span> <span class='ocrx_word' id='word_1_92' title='bbox 909 1139 1080 1204; x_wconf 82' lang='lat' dir='ltr'>quasvis</span> <span class='ocrx_word' id='word_1_93' title='bbox 1114 1143 1354 1206; x_wconf 82' lang='lat' dir='ltr'>percipere.</span> <span class='ocrx_word' id='word_1_94' title='bbox 1415 1142 1501 1189; x_wconf 91' lang='lat' dir='ltr'>Sed</span> <span class='ocrx_word' id='word_1_95' title='bbox 1541 1141 1629 1189; x_wconf 90' lang='lat' dir='ltr'>hoc</span> <span class='ocrx_word' id='word_1_96' title='bbox 1664 1141 1790 1189; x_wconf 83' lang='lat' dir='ltr'>nobis</span> 
     </span>
     <span class='ocr_line' id='line_1_13' title="bbox 245 1226 1791 1294; baseline 0.003 -21"><span class='ocrx_word' id='word_1_97' title='bbox 245 1244 340 1274; x_wconf 89' lang='lat' dir='ltr'>non</span> <span class='ocrx_word' id='word_1_98' title='bbox 363 1226 532 1272; x_wconf 82' lang='lat' dir='ltr'>arridet</span> <span class='ocrx_word' id='word_1_99' title='bbox 552 1226 687 1283; x_wconf 88' lang='lat' dir='ltr'>ade0,</span> <span class='ocrx_word' id='word_1_100' title='bbox 712 1243 822 1274; x_wconf 88' lang='lat' dir='ltr'>narn</span> <span class='ocrx_word' id='word_1_101' title='bbox 843 1227 1049 1290; x_wconf 88' lang='lat' dir='ltr'>Angelus</span> <span class='ocrx_word' id='word_1_102' title='bbox 1075 1229 1123 1275; x_wconf 90' lang='lat' dir='ltr'>in</span> <span class='ocrx_word' id='word_1_103' title='bbox 1140 1228 1308 1276; x_wconf 88' lang='lat' dir='ltr'>eodem</span> <span class='ocrx_word' id='word_1_104' title='bbox 1332 1228 1513 1276; x_wconf 89' lang='lat' dir='ltr'>instanti</span> <span class='ocrx_word' id='word_1_105' title='bbox 1537 1230 1682 1294; x_wconf 88' lang='lat' dir='ltr'>potest</span> <span class='ocrx_word' id='word_1_106' title='bbox 1705 1230 1791 1278; x_wconf 85' lang='lat' dir='ltr'>effe</span> 
     </span>
     <span class='ocr_line' id='line_1_14' title="bbox 246 1313 1788 1380; baseline 0.004 -20"><span class='ocrx_word' id='word_1_107' title='bbox 246 1313 430 1380; x_wconf 82' lang='lat' dir='ltr'>praesens</span> <span class='ocrx_word' id='word_1_108' title='bbox 455 1313 610 1360; x_wconf 86' lang='lat' dir='ltr'>multis</span> <span class='ocrx_word' id='word_1_109' title='bbox 633 1313 830 1379; x_wconf 67' lang='lat' dir='ltr'>objefiis,</span> <span class='ocrx_word' id='word_1_110' title='bbox 871 1325 1027 1361; x_wconf 87' lang='lat' dir='ltr'>tamen</span> <span class='ocrx_word' id='word_1_111' title='bbox 1053 1316 1100 1361; x_wconf 87' lang='lat' dir='ltr'>in</span> <span class='ocrx_word' id='word_1_112' title='bbox 1122 1315 1291 1362; x_wconf 88' lang='lat' dir='ltr'>codem</span> <span class='ocrx_word' id='word_1_113' title='bbox 1317 1316 1499 1364; x_wconf 89' lang='lat' dir='ltr'>instanti</span> <span class='ocrx_word' id='word_1_114' title='bbox 1526 1318 1671 1365; x_wconf 88' lang='lat' dir='ltr'>multa</span> <span class='ocrx_word' id='word_1_115' title='bbox 1695 1337 1788 1366; x_wconf 89' lang='lat' dir='ltr'>non</span> 
     </span>
     <span class='ocr_line' id='line_1_15' title="bbox 247 1400 1790 1469; baseline 0.006 -23"><span class='ocrx_word' id='word_1_116' title='bbox 247 1400 494 1464; x_wconf 88' lang='lat' dir='ltr'>cognoscit.</span> <span class='ocrx_word' id='word_1_117' title='bbox 543 1401 755 1447; x_wconf 88' lang='lat' dir='ltr'>Dicimus</span> <span class='ocrx_word' id='word_1_118' title='bbox 778 1412 930 1448; x_wconf 84' lang='lat' dir='ltr'>autem</span> <span class='ocrx_word' id='word_1_119' title='bbox 957 1420 1065 1449; x_wconf 85' lang='lat' dir='ltr'>cum</span> <span class='ocrx_word' id='word_1_120' title='bbox 1092 1404 1338 1461; x_wconf 82' lang='lat' dir='ltr'>Suarctzio,</span> <span class='ocrx_word' id='word_1_121' title='bbox 1364 1406 1601 1469; x_wconf 82' lang='lat' dir='ltr'>Angelum</span> <span class='ocrx_word' id='word_1_122' title='bbox 1629 1405 1790 1454; x_wconf 77' lang='lat' dir='ltr'>habere</span> 
     </span>
     <span class='ocr_line' id='line_1_16' title="bbox 246 1487 1790 1559; baseline 0.005 -24"><span class='ocrx_word' id='word_1_123' title='bbox 246 1489 474 1554; x_wconf 83' lang='lat' dir='ltr'>impressas</span> <span class='ocrx_word' id='word_1_124' title='bbox 498 1487 660 1555; x_wconf 86' lang='lat' dir='ltr'>species</span> <span class='ocrx_word' id='word_1_125' title='bbox 684 1506 834 1537; x_wconf 87' lang='lat' dir='ltr'>rerum</span> <span class='ocrx_word' id='word_1_126' title='bbox 867 1490 1189 1548; x_wconf 85' lang='lat' dir='ltr'>materialium,</span> <span class='ocrx_word' id='word_1_127' title='bbox 1226 1504 1271 1539; x_wconf 86' lang='lat' dir='ltr'>et</span> <span class='ocrx_word' id='word_1_128' title='bbox 1302 1491 1381 1540; x_wconf 84' lang='lat' dir='ltr'>has</span> <span class='ocrx_word' id='word_1_129' title='bbox 1415 1511 1494 1559; x_wconf 89' lang='lat' dir='ltr'>per</span> <span class='ocrx_word' id='word_1_130' title='bbox 1524 1493 1620 1541; x_wconf 82' lang='lat' dir='ltr'>illas</span> <span class='ocrx_word' id='word_1_131' title='bbox 1656 1495 1790 1542; x_wconf 87' lang='lat' dir='ltr'>intel-</span> 
     </span>
     <span class='ocr_line' id='line_1_17' title="bbox 244 1578 399 1643; baseline 0.006 -18"><span class='ocrx_word' id='word_1_132' title='bbox 244 1578 399 1643; x_wconf 88' lang='lat' dir='ltr'>ligere.</span> 
     </span>
    </p>

    <p class='ocr_par' dir='ltr' id='par_1_3' title="bbox 244 1665 1792 2534">
     <span class='ocr_line' id='line_1_18' title="bbox 317 1665 1789 1734; baseline 0.003 -20"><span class='ocrx_word' id='word_1_133' title='bbox 317 1665 528 1714; x_wconf 84' lang='lat' dir='ltr'>Secunda</span> <span class='ocrx_word' id='word_1_134' title='bbox 551 1666 736 1732; x_wconf 65' lang='lat' dir='ltr'>quaestio</span> <span class='ocrx_word' id='word_1_135' title='bbox 762 1667 888 1724; x_wconf 82' lang='lat' dir='ltr'>dicit,</span> <span class='ocrx_word' id='word_1_136' title='bbox 928 1669 1145 1732; x_wconf 85' lang='lat' dir='ltr'>Ignorato</span> <span class='ocrx_word' id='word_1_137' title='bbox 1179 1681 1309 1716; x_wconf 89' lang='lat' dir='ltr'>motu</span> <span class='ocrx_word' id='word_1_138' title='bbox 1343 1670 1442 1717; x_wconf 88' lang='lat' dir='ltr'>tolli</span> <span class='ocrx_word' id='word_1_139' title='bbox 1473 1671 1789 1734; x_wconf 86' lang='lat' dir='ltr'>cognitionem</span> 
     </span>
     <span class='ocr_line' id='line_1_19' title="bbox 247 1755 1791 1817; baseline 0.003 -15"><span class='ocrx_word' id='word_1_140' title='bbox 247 1767 430 1803; x_wconf 84' lang='lat' dir='ltr'>naturae.</span> <span class='ocrx_word' id='word_1_141' title='bbox 486 1759 544 1802; x_wconf 91' lang='lat' dir='ltr'>Et</span> <span class='ocrx_word' id='word_1_142' title='bbox 569 1755 671 1803; x_wconf 70' lang='lat' dir='ltr'>vere</span> <span class='ocrx_word' id='word_1_143' title='bbox 694 1755 837 1815; x_wconf 83' lang='lat' dir='ltr'>dicit3</span> <span class='ocrx_word' id='word_1_144' title='bbox 873 1755 962 1803; x_wconf 92' lang='lat' dir='ltr'>hoc</span> <span class='ocrx_word' id='word_1_145' title='bbox 987 1755 1154 1804; x_wconf 91' lang='lat' dir='ltr'>scilicet</span> <span class='ocrx_word' id='word_1_146' title='bbox 1178 1756 1484 1806; x_wconf 86' lang='lat' dir='ltr'>fundamento</span> <span class='ocrx_word' id='word_1_147' title='bbox 1508 1758 1630 1817; x_wconf 84' lang='lat' dir='ltr'>nisa;</span> <span class='ocrx_word' id='word_1_148' title='bbox 1665 1759 1791 1807; x_wconf 82' lang='lat' dir='ltr'>nulla</span> 
     </span>
     <span class='ocr_line' id='line_1_20' title="bbox 245 1843 1792 1912; baseline 0.001 -19"><span class='ocrx_word' id='word_1_149' title='bbox 245 1845 382 1893; x_wconf 81' lang='lat' dir='ltr'>datur</span> <span class='ocrx_word' id='word_1_150' title='bbox 400 1843 598 1910; x_wconf 59' lang='lat' dir='ltr'>perfecta</span> <span class='ocrx_word' id='word_1_151' title='bbox 622 1845 826 1908; x_wconf 86' lang='lat' dir='ltr'>cognitio</span> <span class='ocrx_word' id='word_1_152' title='bbox 845 1844 1001 1902; x_wconf 80' lang='lat' dir='ltr'>causae,</span> <span class='ocrx_word' id='word_1_153' title='bbox 1029 1844 1113 1893; x_wconf 76' lang='lat' dir='ltr'>nisi</span> <span class='ocrx_word' id='word_1_154' title='bbox 1137 1847 1236 1912; x_wconf 88' lang='lat' dir='ltr'>quis</span> <span class='ocrx_word' id='word_1_155' title='bbox 1258 1847 1395 1894; x_wconf 85' lang='lat' dir='ltr'>etiam</span> <span class='ocrx_word' id='word_1_156' title='bbox 1419 1845 1578 1894; x_wconf 66' lang='lat' dir='ltr'>effecta</span> <span class='ocrx_word' id='word_1_157' title='bbox 1603 1847 1792 1910; x_wconf 85' lang='lat' dir='ltr'>cognos—</span> 
     </span>
     <span class='ocr_line' id='line_1_21' title="bbox 245 1932 1788 2004; baseline 0.001 -24"><span class='ocrx_word' id='word_1_158' title='bbox 245 1945 319 1980; x_wconf 86' lang='lat' dir='ltr'>cat</span> <span class='ocrx_word' id='word_1_159' title='bbox 349 1932 577 1980; x_wconf 78' lang='lat' dir='ltr'>correlata.</span> <span class='ocrx_word' id='word_1_160' title='bbox 626 1932 764 1978; x_wconf 85' lang='lat' dir='ltr'>Unde</span> <span class='ocrx_word' id='word_1_161' title='bbox 796 1932 945 1980; x_wconf 83' lang='lat' dir='ltr'>nostra</span> <span class='ocrx_word' id='word_1_162' title='bbox 977 1933 1035 1980; x_wconf 88' lang='lat' dir='ltr'>de</span> <span class='ocrx_word' id='word_1_163' title='bbox 1060 1937 1273 1982; x_wconf 89' lang='lat' dir='ltr'>Creatore</span> <span class='ocrx_word' id='word_1_164' title='bbox 1305 1948 1540 1999; x_wconf 80' lang='lat' dir='ltr'>exurgeret</span> <span class='ocrx_word' id='word_1_165' title='bbox 1567 1937 1788 2004; x_wconf 77' lang='lat' dir='ltr'>cogniti0‚</span> 
     </span>
     <span class='ocr_line' id='line_1_22' title="bbox 246 2020 1791 2088; baseline 0.001 -19"><span class='ocrx_word' id='word_1_166' title='bbox 246 2020 332 2069; x_wconf 87' lang='lat' dir='ltr'>nisi</span> <span class='ocrx_word' id='word_1_167' title='bbox 353 2038 431 2086; x_wconf 88' lang='lat' dir='ltr'>per</span> <span class='ocrx_word' id='word_1_168' title='bbox 449 2021 741 2076; x_wconf 88' lang='lat' dir='ltr'>creationem,</span> <span class='ocrx_word' id='word_1_169' title='bbox 763 2021 928 2068; x_wconf 80' lang='lat' dir='ltr'>mutuo</span> <span class='ocrx_word' id='word_1_170' title='bbox 947 2022 994 2068; x_wconf 90' lang='lat' dir='ltr'>in</span> <span class='ocrx_word' id='word_1_171' title='bbox 1013 2022 1273 2087; x_wconf 89' lang='lat' dir='ltr'>corporibus</span> <span class='ocrx_word' id='word_1_172' title='bbox 1293 2022 1671 2088; x_wconf 87' lang='lat' dir='ltr'>respondentem?</span> <span class='ocrx_word' id='word_1_173' title='bbox 1696 2027 1791 2071; x_wconf 78' lang='lat' dir='ltr'>De-</span> 
     </span>
     <span class='ocr_line' id='line_1_23' title="bbox 247 2112 1791 2178; baseline 0.002 -18"><span class='ocrx_word' id='word_1_174' title='bbox 247 2112 356 2161; x_wconf 88' lang='lat' dir='ltr'>inde</span> <span class='ocrx_word' id='word_1_175' title='bbox 380 2112 440 2160; x_wconf 88' lang='lat' dir='ltr'>ad</span> <span class='ocrx_word' id='word_1_176' title='bbox 466 2112 712 2178; x_wconf 71' lang='lat' dir='ltr'>perfeetam</span> <span class='ocrx_word' id='word_1_177' title='bbox 745 2114 1056 2177; x_wconf 85' lang='lat' dir='ltr'>cognitionem</span> <span class='ocrx_word' id='word_1_178' title='bbox 1091 2127 1274 2172; x_wconf 85' lang='lat' dir='ltr'>naturae,</span> <span class='ocrx_word' id='word_1_179' title='bbox 1317 2115 1488 2163; x_wconf 74' lang='lat' dir='ltr'>necefle</span> <span class='ocrx_word' id='word_1_180' title='bbox 1510 2115 1590 2173; x_wconf 89' lang='lat' dir='ltr'>est,</span> <span class='ocrx_word' id='word_1_181' title='bbox 1634 2129 1685 2164; x_wconf 89' lang='lat' dir='ltr'>ut</span> <span class='ocrx_word' id='word_1_182' title='bbox 1715 2133 1791 2163; x_wconf 85' lang='lat' dir='ltr'>ac-</span> 
     </span>
     <span class='ocr_line' id='line_1_24' title="bbox 248 2201 1790 2267; baseline 0.001 -19"><span class='ocrx_word' id='word_1_183' title='bbox 248 2201 382 2249; x_wconf 87' lang='lat' dir='ltr'>cedat</span> <span class='ocrx_word' id='word_1_184' title='bbox 406 2203 611 2265; x_wconf 89' lang='lat' dir='ltr'>cognitio</span> <span class='ocrx_word' id='word_1_185' title='bbox 629 2201 926 2250; x_wconf 64' lang='lat' dir='ltr'>affectionum</span> <span class='ocrx_word' id='word_1_186' title='bbox 952 2203 1102 2267; x_wconf 79' lang='lat' dir='ltr'>primo</span> <span class='ocrx_word' id='word_1_187' title='bbox 1126 2204 1323 2251; x_wconf 87' lang='lat' dir='ltr'>materiae</span> <span class='ocrx_word' id='word_1_188' title='bbox 1349 2201 1613 2261; x_wconf 48' lang='lat' dir='ltr'>infir-arum,</span> <span class='ocrx_word' id='word_1_189' title='bbox 1642 2218 1790 2251; x_wconf 82' lang='lat' dir='ltr'>motus</span> 
     </span>
     <span class='ocr_line' id='line_1_25' title="bbox 244 2289 1790 2357; baseline 0.002 -21"><span class='ocrx_word' id='word_1_190' title='bbox 244 2302 404 2337; x_wconf 83' lang='lat' dir='ltr'>autem</span> <span class='ocrx_word' id='word_1_191' title='bbox 423 2289 488 2337; x_wconf 87' lang='lat' dir='ltr'>est</span> <span class='ocrx_word' id='word_1_192' title='bbox 503 2291 666 2338; x_wconf 85' lang='lat' dir='ltr'>intima</span> <span class='ocrx_word' id='word_1_193' title='bbox 686 2292 881 2357; x_wconf 87' lang='lat' dir='ltr'>corporis</span> <span class='ocrx_word' id='word_1_194' title='bbox 901 2290 1082 2355; x_wconf 82' lang='lat' dir='ltr'>Phyfici</span> <span class='ocrx_word' id='word_1_195' title='bbox 1103 2291 1300 2350; x_wconf 61' lang='lat' dir='ltr'>affectiQ</span> <span class='ocrx_word' id='word_1_196' title='bbox 1325 2305 1371 2339; x_wconf 89' lang='lat' dir='ltr'>et</span> <span class='ocrx_word' id='word_1_197' title='bbox 1389 2292 1506 2340; x_wconf 85' lang='lat' dir='ltr'>illius</span> <span class='ocrx_word' id='word_1_198' title='bbox 1526 2305 1691 2340; x_wconf 75' lang='lat' dir='ltr'>natura:</span> <span class='ocrx_word' id='word_1_199' title='bbox 1712 2311 1790 2339; x_wconf 88' lang='lat' dir='ltr'>ne-</span> 
     </span>
     <span class='ocr_line' id='line_1_26' title="bbox 245 2377 1790 2446; baseline 0.001 -20"><span class='ocrx_word' id='word_1_200' title='bbox 245 2377 456 2426; x_wconf 85' lang='lat' dir='ltr'>ceffitatis</span> <span class='ocrx_word' id='word_1_201' title='bbox 471 2379 660 2427; x_wconf 87' lang='lat' dir='ltr'>vinculis</span> <span class='ocrx_word' id='word_1_202' title='bbox 680 2380 902 2445; x_wconf 79' lang='lat' dir='ltr'>alligatuS,</span> <span class='ocrx_word' id='word_1_203' title='bbox 924 2397 1017 2428; x_wconf 89' lang='lat' dir='ltr'>non</span> <span class='ocrx_word' id='word_1_204' title='bbox 1042 2382 1185 2446; x_wconf 86' lang='lat' dir='ltr'>potest</span> <span class='ocrx_word' id='word_1_205' title='bbox 1209 2383 1347 2446; x_wconf 86' lang='lat' dir='ltr'>igitur</span> <span class='ocrx_word' id='word_1_206' title='bbox 1365 2400 1465 2429; x_wconf 78' lang='lat' dir='ltr'>vera</span> <span class='ocrx_word' id='word_1_207' title='bbox 1487 2397 1653 2429; x_wconf 86' lang='lat' dir='ltr'>naturae</span> <span class='ocrx_word' id='word_1_208' title='bbox 1679 2398 1790 2445; x_wconf 83' lang='lat' dir='ltr'>cog·</span> 
     </span>
     <span class='ocr_line' id='line_1_27' title="bbox 249 2467 1788 2534; baseline 0.001 -21"><span class='ocrx_word' id='word_1_209' title='bbox 249 2467 364 2514; x_wconf 84' lang='lat' dir='ltr'>nitio</span> <span class='ocrx_word' id='word_1_210' title='bbox 385 2477 482 2515; x_wconf 85' lang='lat' dir='ltr'>tam</span> <span class='ocrx_word' id='word_1_211' title='bbox 505 2479 682 2515; x_wconf 81' lang='lat' dir='ltr'>curtam</span> <span class='ocrx_word' id='word_1_212' title='bbox 708 2486 796 2534; x_wconf 86' lang='lat' dir='ltr'>prae</span> <span class='ocrx_word' id='word_1_213' title='bbox 815 2469 857 2516; x_wconf 89' lang='lat' dir='ltr'>se</span> <span class='ocrx_word' id='word_1_214' title='bbox 881 2468 995 2517; x_wconf 88' lang='lat' dir='ltr'>ferre</span> <span class='ocrx_word' id='word_1_215' title='bbox 1007 2470 1340 2528; x_wconf 80' lang='lat' dir='ltr'>extensionem,</span> <span class='ocrx_word' id='word_1_216' title='bbox 1375 2484 1425 2517; x_wconf 89' lang='lat' dir='ltr'>ut</span> <span class='ocrx_word' id='word_1_217' title='bbox 1447 2472 1583 2518; x_wconf 80' lang='lat' dir='ltr'>ctiam</span> <span class='ocrx_word' id='word_1_218' title='bbox 1608 2469 1666 2517; x_wconf 84' lang='lat' dir='ltr'>ad</span> <span class='ocrx_word' id='word_1_219' title='bbox 1689 2487 1788 2516; x_wconf 80' lang='lat' dir='ltr'>mo-</span> 
     </span>
    </p>
   </div>
   <div class='ocr_carea' id='block_1_3' title="bbox 1012 2562 1787 2624">
    <p class='ocr_par' dir='ltr' id='par_1_4' title="bbox 1012 2562 1787 2624">
     <span class='ocr_line' id='line_1_28' title="bbox 1012 2562 1787 2624; baseline 0.012 -27"><span class='ocrx_word' id='word_1_220' title='bbox 1012 2562 1082 2624; x_wconf 47' lang='grc' dir='ltr'>(ζ</span> <span class='ocrx_word' id='word_1_221' title='bbox 1687 2573 1732 2606; x_wconf 70' lang='grc' dir='ltr'>Π]</span> <span class='ocrx_word' id='word_1_222' title='bbox 1742 2576 1787 2606; x_wconf 82' lang='lat' dir='ltr'>m</span> 
     </span>
    </p>
   </div>
  </div>
 </body>
</html>
