1977 2793
149 147 228 206 92
562 125 1250 195 POEMATA.

859 280 908 319 V.

282 355 372 400 Dic
395 351 526 417 sylva,
551 351 710 399 nostrae
734 352 912 401 conscia
937 353 1101 402 semitae

284 440 425 506 (Qid
450 439 562 506 quid
588 439 764 487 susurris
789 439 979 489 flamina
1004 443 1190 490 circinas
1207 442 1240 505 Ρ)

419 531 465 576 O
490 528 565 575 dic
590 539 754 594 aperte,
781 528 858 578 dic
882 529 1047 577 sacrata

420 620 545 683 Qot
569 616 740 681 corylos
764 616 903 664 docui
924 617 1049 667 fateri

851 720 921 759 VI.

282 790 443 838 Cultro
466 791 681 854 magistro
704 792 893 840 nomina
917 791 1157 856 Stanbrigi.

281 876 431 926 Heus!
467 889 586 926 certa
611 879 745 937 vocis,
770 878 861 926 sera
884 878 991 927 licet
1014 897 1167 927 comes

418 964 562 1023 Ech0‚
587 964 851 1032 supremum·
873 977 924 1015 tu
947 967 1156 1015 studebas

418 1056 524 1113 Die,
548 1057 722 1122 quoties
747 1055 957 1105 fimulare
981 1056 1232 1106 Thomam.

353 1326 461 1383 Ad
486 1326 544 1382 C.
561 1327 632 1384 B.
651 1324 772 1406 post
800 1327 1064 1407 Cupidini
1086 1326 1212 1385 vale
1237 1328 1468 1389 dmum.

362 1484 436 1530 IC
450 1484 472 1529 I
485 1485 586 1530 ΝΟ
611 1483 670 1531 de
693 1483 781 1532 sole
805 1496 892 1534 tuae
914 1487 1087 1535 rediere
1113 1489 1304 1545 Carinae,

455 1575 513 1619 Et
535 1573 651 1620 νὶέὶεῑ
674 1574 721 1621 in
745 1576 848 1623 miti
872 1575 1054 1625 climate
1079 1576 1273 1625 flamma
1300 1579 1437 1643 perit„

213 1657 369 1724 Qssun
394 1661 649 1708 meminiffe
663 1660 792 1727 juvat
813 1675 943 1727 grato
965 1665 1172 1713 confecfi‘ca
1195 1665 1349 1714 labore

280 1747 455 1804 Taedia,
480 1759 524 1794 et:
547 1749 725 1797 incertae
749 1751 918 1814 gaudia
943 1753 1056 1800 dura
1081 1755 1246 1801 morael

213 1834 332 1882 Pons
354 1833 451 1891 tibi,
476 1851 616 1898 quem
639 1837 767 1884 toties
789 1837 978 1887 transisti
1002 1845 1134 1888 noete
1158 1843 1377 1899 minutus,

281 1916 547 1986 Angustum
568 1934 614 1969 et
638 1922 834 1973 dubium
858 1926 975 1973 dixit
999 1929 1182 1975 Amoris
1204 1929 1313 1975 iter:

213 2010 299 2057 Per
320 2027 442 2057 mare
467 2012 696 2075 ped’coreus
720 2012 932 2061 Paridem
957 2013 1019 2061 fic
1043 2015 1269 2063 transtulit
1286 2016 1420 2079 ignis,

281 2102 344 2146 Ut
366 2116 445 2164 per
464 2111 707 2149 torrentem
731 2113 775 2148 te
798 2113 877 2150 tua
900 2100 1092 2150 flamma
1113 2101 1279 2161 trahit3

216 2187 406 2236 Conscia
429 2200 474 2234 te
496 2189 668 2252 quoties
691 2190 884 2239 tacitum
905 2190 1073 2256 postica
1097 2193 1265 2256 recepit
1278 2211 1301 2250 3,

281 2274 447 2323 Erudit
468 2276 516 2322 in
538 2275 717 2324 fraudes
740 2277 851 2326 ostia
874 2279 1033 2328 doctus
1053 2296 1196 2328 amon.

214 2360 463 2410 Scintillam
485 2361 584 2410 serae
607 2366 781 2430 quoties
803 2378 951 2414 texere
974 2365 1135 2415 faviuae

284 2449 389 2516 Q&
411 2449 520 2499 solet
540 2452 589 2499 in
610 2452 758 2502 radios
780 2454 897 2502 taeda
918 2453 1063 2503 redire
1085 2454 1206 2503 suos!

1531 2539 1675 2589 Taeda
