1977 2793
700 156 1451 215 APPENDIX.
1731 178 1846 235 109

310 275 501 322 Zizania
527 274 641 321 inter
665 275 867 322 triticum
903 274 1159 333 semivavit3
1200 291 1283 321 nec
1306 286 1459 322 tamen
1485 273 1591 322 ideo
1614 273 1847 340 probanda

309 363 492 409 illorum
517 362 755 418 temeritas,
781 362 859 426 qui
881 361 997 409 dum
1019 361 1347 426 figmentorum
1367 363 1559 410 Zizania
1579 362 1764 410 evellere
1786 363 1848 409 fa-

307 463 484 516 tagunt‚
523 467 662 498 omne
685 451 888 498 triticum
912 449 1003 498 una
1029 451 1286 498 eradicant:
1323 464 1496 516 quanto
1521 452 1650 499 satius
1682 451 1746 499 est
1774 469 1848 499 ve-

307 556 410 586 rum
434 555 458 584 a
484 537 593 585 falso
615 537 699 585 rite
724 536 985 595 discernere,
1012 537 1151 602 quam
1178 550 1361 603 propter
1379 538 1510 605 hujus
1529 539 1846 604 impudentem

307 626 600 680 vicinitatem,
621 624 736 672 illud
757 642 939 689 quoque
958 624 1179 688 relegare!
1205 627 1416 689 Dignum
1437 644 1563 692 opus,
1586 627 1746 691 inquis,
1772 626 1847 674 sed

305 714 506 762 arduum
535 731 709 761 narras:
757 732 842 762 nec
875 713 1073 762 diffiteor
1104 714 1310 781 quidem,
1347 715 1491 764 modo
1528 715 1847 764 difficultatem

306 802 528 867 dignitate
552 800 831 868 compensari
855 801 1128 849 concefferis.

375 891 600 939 Palmaria
625 891 683 939 de
707 892 803 938 vitis
820 892 1085 938 Sanctorum
1110 891 1291 957 querela
1314 892 1393 949 est,
1419 910 1624 958 quaeque
1642 911 1719 941 ora
1743 910 1846 940 om-

305 981 437 1033 nium
461 978 860 1026 formidolosorum
888 977 958 1025 seu
985 979 1132 1042 potius
1157 977 1454 1045 suspicacium
1482 979 1845 1028 Christianorum

305 1064 535 1131 personat:
563 1065 776 1129 congesta
801 1066 848 1112 in
874 1065 956 1112 illis
979 1065 1197 1113 miracula
1216 1065 1323 1135 legi,
1350 1086 1449 1133 quae
1470 1067 1615 1115 fidem
1636 1068 1760 1134 apud
1781 1067 1845 1114 sa-

303 1171 385 1201 nos
418 1171 513 1201 non
545 1154 811 1201 inveniant:
852 1152 948 1200 haec
982 1155 1156 1219 ineptis,
1192 1172 1525 1221 nonnunquam
1561 1157 1760 1203 ridiculis
1787 1157 1845 1203 de

302 1237 444 1287 causis
461 1238 624 1303 patrari
640 1256 654 1295 3
681 1236 881 1302 denique
902 1254 1028 1285 more
1047 1237 1252 1301 quodam
1270 1239 1467 1302 magico,
1491 1250 1536 1285 et
1555 1256 1616 1286 nu
1624 1239 1777 1304 squam
1797 1242 1845 1287 in

302 1326 422 1375 sacra
447 1324 614 1392 pagina
640 1324 845 1391 probam,
877 1336 988 1391 puta
1012 1326 1263 1374 interventu
1289 1328 1445 1384 crucis,
1474 1345 1615 1392 aquae,
1642 1328 1744 1386 olei,
1770 1347 1845 1376 ve-

304 1415 458 1473 stium,
484 1414 759 1471 calceorum,
784 1413 966 1471 offium,
1000 1413 1285 1480 capillorum,
1315 1416 1621 1480 quarumlibet
1647 1416 1843 1482 denique

302 1505 596 1570 reliquiarum
634 1501 830 1562 confici3
877 1503 983 1550 talia
1008 1504 1161 1561 invita,
1191 1503 1259 1551 vel
1284 1505 1402 1552 caeca
1427 1506 1612 1562 ratione,
1645 1506 1840 1563 credere,

301 1594 480 1642 insaniae
503 1606 828 1657 argumentum
854 1593 956 1651 effe,
982 1605 1027 1640 et
1047 1606 1258 1641 extremae
1278 1593 1593 1659 superstitionis
1613 1595 1840 1644 delirium.

302 1683 395 1729 Hic
412 1679 512 1728 vere
534 1682 630 1728 Pan
651 1681 725 1728 ille
742 1681 805 1728 est
825 1682 903 1746 qui
923 1692 1103 1730 terrores
1123 1683 1288 1729 excitat
1311 1695 1531 1748 ornatque
1548 1704 1560 1742 3
1587 1701 1724 1748 quem
1748 1703 1841 1733 non

301 1768 437 1817 multi
460 1769 605 1834 operis
629 1770 712 1815 erit
736 1785 846 1815 cum
871 1768 1045 1833 spectris
1069 1768 1153 1817 suis
1181 1771 1576 1818 contemnendum
1602 1789 1839 1836 exponere,

301 1856 336 1905 fi
362 1858 513 1922 primo
535 1856 595 1904 de
618 1855 720 1921 ipfis
744 1856 987 1914 miraculis,
1014 1856 1183 1922 postea,
1217 1858 1275 1905 de
1298 1859 1507 1925 patrandi
1542 1860 1684 1907 modo
1708 1861 1840 1909 diffe—

300 1963 398 1993 rens
417 1945 554 1993 larvas
574 1942 787 2009 fucosque
807 1944 1052 1992 detraxero.
1091 1949 1156 1992 At
1178 1947 1409 2003 miracula,
1445 1948 1605 2011 inquis,
1638 1949 1837 1996 instituta

301 2043 426 2079 erant
448 2032 497 2078 in
516 2032 643 2078 cunis
662 2029 888 2088 Ecclesiae,
912 2041 962 2078 ut
981 2028 1137 2078 divino
1156 2030 1333 2096 fulgore
1348 2032 1508 2079 Hostes
1534 2032 1836 2097 percellerent,

300 2131 345 2167 et
362 2118 422 2167 ad
443 2117 589 2166 fidem
608 2129 834 2182 cogerent.
875 2117 1077 2184 Ideoque
1092 2118 1333 2184 postquam
1348 2119 1532 2182 Religio
1547 2119 1714 2178 radices
1733 2138 1837 2184 ege—

299 2209 356 2256 rit
375 2219 419 2255 et
443 2206 633 2254 decursu
656 2218 914 2271 temporum
938 2205 1114 2254 adultas
1135 2207 1244 2252 vires
1263 2205 1561 2272 acquifiverit,
1586 2205 1739 2254 officio
1760 2207 1835 2256 suo

298 2298 454 2348 funeta
474 2296 699 2355 videntur,
726 2315 808 2345 nec
828 2297 1038 2361 deinceps
1058 2296 1350 2362 expectanda.
1389 2298 1563 2344 Mirum
1589 2296 1665 2352 est,
1692 2297 1833 2362 quam

298 2385 430 2433 avide
455 2385 543 2433 hoc
567 2398 893 2449 argumentum
918 2385 1150 2449 accipitur,
1185 2383 1326 2449 quam
1351 2383 1572 2431 obstinat&
1605 2385 1832 2448 intorque-

299 2485 372 2522 tur
387 2493 400 2533 ;
426 2473 651 2540 praecipue
676 2491 784 2521 cum
809 2491 892 2522 nec
918 2471 1003 2520 tale
1029 2469 1095 2530 fit,
1120 2484 1170 2520 ut
1193 2472 1302 2520 vires
1325 2473 1373 2520 in
1398 2472 1452 2530 se,
1477 2489 1560 2519 nec
1585 2483 1728 2518 tantos
1754 2470 1832 2517 ha-

1729 2555 1832 2603 beat
