<?xml version="1.0" encoding="UTF-8"?>
<!DOCTYPE html PUBLIC "-//W3C//DTD XHTML 1.0 Transitional//EN"
    "http://www.w3.org/TR/xhtml1/DTD/xhtml1-transitional.dtd">
<html xmlns="http://www.w3.org/1999/xhtml" xml:lang="en" lang="en">
 <head>
  <title>
</title>
<meta http-equiv="Content-Type" content="text/html;charset=utf-8" />
  <meta name='ocr-system' content='tesseract 3.04.00' />
  <meta name='ocr-capabilities' content='ocr_page ocr_carea ocr_par ocr_line ocrx_word'/>
</head>
<body>
  <div class='ocr_page' id='page_1' title='image "./originalpoemsine00beau/originalpoemsine00beau_0159.png"; bbox 0 0 1977 2793; ppageno 0'>
   <div class='ocr_carea' id='block_1_1' title="bbox 655 170 1764 252">
    <p class='ocr_par' dir='ltr' id='par_1_1' title="bbox 655 170 1764 252">
     <span class='ocr_line' id='line_1_1' title="bbox 655 170 1764 252; baseline 0.005 -26"><span class='ocrx_word' id='word_1_1' title='bbox 655 170 1347 231; x_wconf 84' lang='lat' dir='ltr'><strong>POEMATA.</strong></span> <span class='ocrx_word' id='word_1_2' title='bbox 1686 195 1764 252; x_wconf 88' lang='lat'>93</span> 
     </span>
    </p>
   </div>
   <div class='ocr_carea' id='block_1_2' title="bbox 294 290 1620 2477">
    <p class='ocr_par' dir='ltr' id='par_1_2' title="bbox 303 290 1450 456">
     <span class='ocr_line' id='line_1_2' title="bbox 303 290 1450 363; baseline 0.005 -25"><span class='ocrx_word' id='word_1_3' title='bbox 303 290 446 339; x_wconf 82' lang='lat' dir='ltr'>Taeda</span> <span class='ocrx_word' id='word_1_4' title='bbox 470 290 623 339; x_wconf 69' lang='lat' dir='ltr'>facum</span> <span class='ocrx_word' id='word_1_5' title='bbox 649 294 878 350; x_wconf 78' lang='lat' dir='ltr'>monitrix,</span> <span class='ocrx_word' id='word_1_6' title='bbox 903 305 947 341; x_wconf 87' lang='lat' dir='ltr'>et</span> <span class='ocrx_word' id='word_1_7' title='bbox 971 294 1154 342; x_wconf 87' lang='lat' dir='ltr'>luminis</span> <span class='ocrx_word' id='word_1_8' title='bbox 1177 313 1273 343; x_wconf 85' lang='lat' dir='ltr'>arra</span> <span class='ocrx_word' id='word_1_9' title='bbox 1296 297 1450 363; x_wconf 87' lang='lat' dir='ltr'>cupiti.</span> 
     </span>
     <span class='ocr_line' id='line_1_3' title="bbox 370 381 1341 456; baseline 0.004 -29"><span class='ocrx_word' id='word_1_10' title='bbox 370 381 560 428; x_wconf 84' lang='lat' dir='ltr'>Fallitur</span> <span class='ocrx_word' id='word_1_11' title='bbox 579 383 774 456; x_wconf 81' lang='lat' dir='ltr'>augurio</span> <span class='ocrx_word' id='word_1_12' title='bbox 798 399 939 447; x_wconf 84' lang='lat' dir='ltr'>quam</span> <span class='ocrx_word' id='word_1_13' title='bbox 965 383 1078 431; x_wconf 92' lang='lat' dir='ltr'>bene</span> <span class='ocrx_word' id='word_1_14' title='bbox 1104 384 1218 432; x_wconf 86' lang='lat' dir='ltr'>taeda</span> <span class='ocrx_word' id='word_1_15' title='bbox 1238 385 1341 433; x_wconf 83' lang='lat' dir='ltr'>suo!</span> 
     </span>
    </p>

    <p class='ocr_par' dir='ltr' id='par_1_3' title="bbox 302 473 1353 633">
     <span class='ocr_line' id='line_1_4' title="bbox 302 473 1353 541; baseline 0.002 -20"><span class='ocrx_word' id='word_1_16' title='bbox 302 476 372 521; x_wconf 88' lang='lat' dir='ltr'>Te</span> <span class='ocrx_word' id='word_1_17' title='bbox 396 476 568 541; x_wconf 87' lang='lat' dir='ltr'>quoties</span> <span class='ocrx_word' id='word_1_18' title='bbox 591 473 711 540; x_wconf 62' lang='lat' dir='ltr'>pasti-1</span> <span class='ocrx_word' id='word_1_19' title='bbox 734 473 798 520; x_wconf 88' lang='lat' dir='ltr'>est</span> <span class='ocrx_word' id='word_1_20' title='bbox 824 473 1047 522; x_wconf 83' lang='lat' dir='ltr'>semitenfi</span> <span class='ocrx_word' id='word_1_21' title='bbox 1072 477 1244 523; x_wconf 86' lang='lat' dir='ltr'>incuria</span> <span class='ocrx_word' id='word_1_22' title='bbox 1269 477 1353 524; x_wconf 89' lang='lat' dir='ltr'>veli</span> 
     </span>
     <span class='ocr_line' id='line_1_5' title="bbox 370 567 1295 633; baseline -0.003 -17"><span class='ocrx_word' id='word_1_23' title='bbox 370 568 448 616; x_wconf 89' lang='lat' dir='ltr'>Ad</span> <span class='ocrx_word' id='word_1_24' title='bbox 477 569 631 615; x_wconf 86' lang='lat' dir='ltr'>tacitas</span> <span class='ocrx_word' id='word_1_25' title='bbox 655 567 796 614; x_wconf 88' lang='lat' dir='ltr'>oculis</span> <span class='ocrx_word' id='word_1_26' title='bbox 816 583 1109 632; x_wconf 85' lang='lat' dir='ltr'>approperare</span> <span class='ocrx_word' id='word_1_27' title='bbox 1134 567 1295 633; x_wconf 84' lang='lat' dir='ltr'>dapes!</span> 
     </span>
    </p>

    <p class='ocr_par' dir='ltr' id='par_1_4' title="bbox 300 654 1604 809">
     <span class='ocr_line' id='line_1_6' title="bbox 300 654 1604 722; baseline 0.002 -20"><span class='ocrx_word' id='word_1_28' title='bbox 300 656 430 704; x_wconf 89' lang='lat' dir='ltr'>Turn</span> <span class='ocrx_word' id='word_1_29' title='bbox 453 672 636 721; x_wconf 91' lang='lat' dir='ltr'>quoque</span> <span class='ocrx_word' id='word_1_30' title='bbox 660 667 711 703; x_wconf 88' lang='lat' dir='ltr'>tu</span> <span class='ocrx_word' id='word_1_31' title='bbox 734 654 938 720; x_wconf 85' lang='lat' dir='ltr'><strong>duplices</strong></span> <span class='ocrx_word' id='word_1_32' title='bbox 959 654 1157 712; x_wconf 76' lang='lat' dir='ltr'>umbra3‚</span> <span class='ocrx_word' id='word_1_33' title='bbox 1182 655 1422 722; x_wconf 68' lang='lat' dir='ltr'>nostesque</span> <span class='ocrx_word' id='word_1_34' title='bbox 1446 657 1604 715; x_wconf 73' lang='lat' dir='ltr'>fateriS,</span> 
     </span>
     <span class='ocr_line' id='line_1_7' title="bbox 365 743 1297 809; baseline -0.003 -15"><span class='ocrx_word' id='word_1_35' title='bbox 365 748 497 794; x_wconf 90' lang='lat' dir='ltr'>Dum</span> <span class='ocrx_word' id='word_1_36' title='bbox 521 756 683 793; x_wconf 91' lang='lat' dir='ltr'>neutro</span> <span class='ocrx_word' id='word_1_37' title='bbox 706 743 884 809; x_wconf 88' lang='lat' dir='ltr'><strong>fulgent</strong></span> <span class='ocrx_word' id='word_1_38' title='bbox 909 743 1071 792; x_wconf 89' lang='lat' dir='ltr'>aethera</span> <span class='ocrx_word' id='word_1_39' title='bbox 1095 743 1183 792; x_wconf 89' lang='lat' dir='ltr'>sole</span> <span class='ocrx_word' id='word_1_40' title='bbox 1207 756 1297 792; x_wconf 91' lang='lat' dir='ltr'>tua.</span> 
     </span>
    </p>

    <p class='ocr_par' dir='ltr' id='par_1_5' title="bbox 298 827 1470 982">
     <span class='ocr_line' id='line_1_8' title="bbox 298 827 1470 895; baseline -0.001 -18"><span class='ocrx_word' id='word_1_41' title='bbox 298 832 423 877; x_wconf 86' lang='lat' dir='ltr'>Nam</span> <span class='ocrx_word' id='word_1_42' title='bbox 445 841 524 876; x_wconf 89' lang='lat' dir='ltr'>tua</span> <span class='ocrx_word' id='word_1_43' title='bbox 548 829 641 895; x_wconf 86' lang='lat' dir='ltr'>spes</span> <span class='ocrx_word' id='word_1_44' title='bbox 665 829 794 876; x_wconf 81' lang='lat' dir='ltr'>dixit.</span> <span class='ocrx_word' id='word_1_45' title='bbox 831 827 917 875; x_wconf 88' lang='lat' dir='ltr'>Sed</span> <span class='ocrx_word' id='word_1_46' title='bbox 942 828 1033 894; x_wconf 88' lang='lat' dir='ltr'>spes</span> <span class='ocrx_word' id='word_1_47' title='bbox 1056 828 1172 875; x_wconf 92' lang='lat' dir='ltr'>bene</span> <span class='ocrx_word' id='word_1_48' title='bbox 1196 828 1341 876; x_wconf 88' lang='lat' dir='ltr'>nescia</span> <span class='ocrx_word' id='word_1_49' title='bbox 1365 830 1470 886; x_wconf 88' lang='lat' dir='ltr'>veri,</span> 
     </span>
     <span class='ocr_line' id='line_1_9' title="bbox 367 915 1312 982; baseline -0.001 -18"><span class='ocrx_word' id='word_1_50' title='bbox 367 918 597 966; x_wconf 87' lang='lat' dir='ltr'>Faemineo</span> <span class='ocrx_word' id='word_1_51' title='bbox 621 915 731 964; x_wconf 88' lang='lat' dir='ltr'>caelo</span> <span class='ocrx_word' id='word_1_52' title='bbox 754 933 895 981; x_wconf 88' lang='lat' dir='ltr'>quam</span> <span class='ocrx_word' id='word_1_53' title='bbox 919 915 1142 973; x_wconf 66' lang='lat' dir='ltr'>cecidisse,</span> <span class='ocrx_word' id='word_1_54' title='bbox 1161 915 1312 982; x_wconf 86' lang='lat' dir='ltr'>juvat!</span> 
     </span>
    </p>

    <p class='ocr_par' dir='ltr' id='par_1_6' title="bbox 295 1002 1487 1157">
     <span class='ocr_line' id='line_1_10' title="bbox 295 1002 1487 1069; baseline -0.001 -18"><span class='ocrx_word' id='word_1_55' title='bbox 295 1005 375 1052; x_wconf 92' lang='lat' dir='ltr'>Tu</span> <span class='ocrx_word' id='word_1_56' title='bbox 397 1015 553 1052; x_wconf 90' lang='lat' dir='ltr'>tamen</span> <span class='ocrx_word' id='word_1_57' title='bbox 577 1002 666 1052; x_wconf 90' lang='lat' dir='ltr'>hoc</span> <span class='ocrx_word' id='word_1_58' title='bbox 688 1002 879 1069; x_wconf 86' lang='lat' dir='ltr'>plaudis,</span> <span class='ocrx_word' id='word_1_59' title='bbox 904 1014 1005 1051; x_wconf 87' lang='lat' dir='ltr'>tuto</span> <span class='ocrx_word' id='word_1_60' title='bbox 1026 1003 1152 1069; x_wconf 88' lang='lat' dir='ltr'>quod</span> <span class='ocrx_word' id='word_1_61' title='bbox 1170 1003 1346 1051; x_wconf 90' lang='lat' dir='ltr'>lumine</span> <span class='ocrx_word' id='word_1_62' title='bbox 1371 1002 1487 1053; x_wconf 81' lang='lat' dir='ltr'>fixus</span> 
     </span>
     <span class='ocr_line' id='line_1_11' title="bbox 365 1091 1193 1157; baseline 0 -19"><span class='ocrx_word' id='word_1_63' title='bbox 365 1093 473 1157; x_wconf 90' lang='lat' dir='ltr'>Jam</span> <span class='ocrx_word' id='word_1_64' title='bbox 495 1091 611 1138; x_wconf 92' lang='lat' dir='ltr'>radii</span> <span class='ocrx_word' id='word_1_65' title='bbox 635 1108 796 1139; x_wconf 83' lang='lat' dir='ltr'>vacuas</span> <span class='ocrx_word' id='word_1_66' title='bbox 819 1093 1020 1138; x_wconf 88' lang='lat' dir='ltr'>intueare</span> <span class='ocrx_word' id='word_1_67' title='bbox 1043 1108 1193 1155; x_wconf 86' lang='lat' dir='ltr'>genas.</span> 
     </span>
    </p>

    <p class='ocr_par' dir='ltr' id='par_1_7' title="bbox 297 1179 1443 1334">
     <span class='ocr_line' id='line_1_12' title="bbox 297 1179 1443 1229; baseline -0.001 -1"><span class='ocrx_word' id='word_1_68' title='bbox 297 1182 471 1229; x_wconf 87' lang='lat' dir='ltr'>Omnia</span> <span class='ocrx_word' id='word_1_69' title='bbox 495 1180 703 1228; x_wconf 89' lang='lat' dir='ltr'>membra</span> <span class='ocrx_word' id='word_1_70' title='bbox 727 1180 810 1228; x_wconf 88' lang='lat' dir='ltr'>suis</span> <span class='ocrx_word' id='word_1_71' title='bbox 833 1179 892 1228; x_wconf 88' lang='lat' dir='ltr'>ad</span> <span class='ocrx_word' id='word_1_72' title='bbox 918 1180 1045 1228; x_wconf 85' lang='lat' dir='ltr'>caelos</span> <span class='ocrx_word' id='word_1_73' title='bbox 1068 1180 1280 1228; x_wconf 87' lang='lat' dir='ltr'>laudibus</span> <span class='ocrx_word' id='word_1_74' title='bbox 1302 1179 1443 1227; x_wconf 86' lang='lat' dir='ltr'>effers.</span> 
     </span>
     <span class='ocr_line' id='line_1_13' title="bbox 365 1267 1390 1334; baseline -0.003 -17"><span class='ocrx_word' id='word_1_75' title='bbox 365 1272 482 1334; x_wconf 82' lang='lat' dir='ltr'>Qae</span> <span class='ocrx_word' id='word_1_76' title='bbox 505 1280 661 1316; x_wconf 89' lang='lat' dir='ltr'>tamen</span> <span class='ocrx_word' id='word_1_77' title='bbox 683 1267 808 1316; x_wconf 89' lang='lat' dir='ltr'>haud</span> <span class='ocrx_word' id='word_1_78' title='bbox 835 1268 966 1316; x_wconf 86' lang='lat' dir='ltr'>velles</span> <span class='ocrx_word' id='word_1_79' title='bbox 989 1268 1246 1331; x_wconf 87' lang='lat' dir='ltr'>arripienda</span> <span class='ocrx_word' id='word_1_80' title='bbox 1270 1269 1390 1332; x_wconf 89' lang='lat' dir='ltr'>polo.</span> 
     </span>
    </p>

    <p class='ocr_par' dir='ltr' id='par_1_8' title="bbox 296 1351 1562 1505">
     <span class='ocr_line' id='line_1_14' title="bbox 296 1351 1562 1419; baseline -0.002 -16"><span class='ocrx_word' id='word_1_81' title='bbox 296 1355 516 1419; x_wconf 87' lang='lat' dir='ltr'>Elogium</span> <span class='ocrx_word' id='word_1_82' title='bbox 538 1353 810 1417; x_wconf 87' lang='lat' dir='ltr'>oblongum,</span> <span class='ocrx_word' id='word_1_83' title='bbox 834 1353 1077 1419; x_wconf 87' lang='lat' dir='ltr'>repetitum</span> <span class='ocrx_word' id='word_1_84' title='bbox 1100 1351 1328 1412; x_wconf 83' lang='lat' dir='ltr'>effundis3</span> <span class='ocrx_word' id='word_1_85' title='bbox 1366 1365 1412 1400; x_wconf 90' lang='lat' dir='ltr'>at</span> <span class='ocrx_word' id='word_1_86' title='bbox 1434 1352 1562 1400; x_wconf 83' lang='lat' dir='ltr'>illam</span> 
     </span>
     <span class='ocr_line' id='line_1_15' title="bbox 365 1439 1150 1505; baseline -0.004 -15"><span class='ocrx_word' id='word_1_87' title='bbox 365 1442 445 1490; x_wconf 86' lang='lat' dir='ltr'>Ad</span> <span class='ocrx_word' id='word_1_88' title='bbox 468 1441 623 1490; x_wconf 82' lang='lat' dir='ltr'>laudes</span> <span class='ocrx_word' id='word_1_89' title='bbox 646 1441 786 1489; x_wconf 89' lang='lat' dir='ltr'>nolles</span> <span class='ocrx_word' id='word_1_90' title='bbox 809 1440 1019 1505; x_wconf 84' lang='lat' dir='ltr'>evigilare</span> <span class='ocrx_word' id='word_1_91' title='bbox 1042 1439 1150 1487; x_wconf 89' lang='lat' dir='ltr'>suas.</span> 
     </span>
    </p>

    <p class='ocr_par' dir='ltr' id='par_1_9' title="bbox 294 1528 1573 1683">
     <span class='ocr_line' id='line_1_16' title="bbox 294 1528 1573 1594; baseline -0.004 -15"><span class='ocrx_word' id='word_1_92' title='bbox 294 1534 407 1580; x_wconf 88' lang='lat' dir='ltr'>Haec</span> <span class='ocrx_word' id='word_1_93' title='bbox 432 1529 552 1578; x_wconf 88' lang='lat' dir='ltr'>frons</span> <span class='ocrx_word' id='word_1_94' title='bbox 574 1548 673 1594; x_wconf 79' lang='lat' dir='ltr'>quae</span> <span class='ocrx_word' id='word_1_95' title='bbox 698 1528 869 1576; x_wconf 87' lang='lat' dir='ltr'>Niobes</span> <span class='ocrx_word' id='word_1_96' title='bbox 891 1528 1148 1594; x_wconf 83' lang='lat' dir='ltr'>planiffima</span> <span class='ocrx_word' id='word_1_97' title='bbox 1173 1545 1399 1576; x_wconf 85' lang='lat' dir='ltr'>marmora</span> <span class='ocrx_word' id='word_1_98' title='bbox 1423 1529 1573 1575; x_wconf 81' lang='lat' dir='ltr'>vincit.</span> 
     </span>
     <span class='ocr_line' id='line_1_17' title="bbox 363 1616 1453 1683; baseline -0.003 -16"><span class='ocrx_word' id='word_1_99' title='bbox 363 1618 486 1667; x_wconf 87' lang='lat' dir='ltr'>Illud</span> <span class='ocrx_word' id='word_1_100' title='bbox 509 1631 554 1665; x_wconf 89' lang='lat' dir='ltr'>et</span> <span class='ocrx_word' id='word_1_101' title='bbox 576 1617 884 1683; x_wconf 81' lang='lat' dir='ltr'>Hesperidum</span> <span class='ocrx_word' id='word_1_102' title='bbox 905 1620 1115 1682; x_wconf 85' lang='lat' dir='ltr'>germina</span> <span class='ocrx_word' id='word_1_103' title='bbox 1140 1616 1258 1666; x_wconf 85' lang='lat' dir='ltr'>flava</span> <span class='ocrx_word' id='word_1_104' title='bbox 1282 1635 1453 1664; x_wconf 82' lang='lat' dir='ltr'>nemus.</span> 
     </span>
    </p>

    <p class='ocr_par' dir='ltr' id='par_1_10' title="bbox 294 1706 1478 1853">
     <span class='ocr_line' id='line_1_18' title="bbox 294 1706 1478 1773; baseline -0.004 -16"><span class='ocrx_word' id='word_1_105' title='bbox 294 1710 366 1757; x_wconf 86' lang='lat' dir='ltr'>Sic</span> <span class='ocrx_word' id='word_1_106' title='bbox 388 1709 574 1755; x_wconf 89' lang='lat' dir='ltr'>Veneris</span> <span class='ocrx_word' id='word_1_107' title='bbox 599 1709 799 1755; x_wconf 85' lang='lat' dir='ltr'>micuere</span> <span class='ocrx_word' id='word_1_108' title='bbox 822 1725 981 1765; x_wconf 67' lang='lat' dir='ltr'>comae,</span> <span class='ocrx_word' id='word_1_109' title='bbox 1007 1706 1069 1756; x_wconf 83' lang='lat' dir='ltr'>fic</span> <span class='ocrx_word' id='word_1_110' title='bbox 1093 1706 1350 1773; x_wconf 86' lang='lat' dir='ltr'>Daphnidis</span> <span class='ocrx_word' id='word_1_111' title='bbox 1373 1723 1448 1752; x_wconf 83' lang='lat' dir='ltr'>ora</span> <span class='ocrx_word' id='word_1_112' title='bbox 1465 1726 1478 1764; x_wconf 81' lang='lat'>3</span> 
     </span>
     <span class='ocr_line' id='line_1_19' title="bbox 363 1793 1467 1853; baseline -0.004 -9"><span class='ocrx_word' id='word_1_113' title='bbox 363 1800 581 1853; x_wconf 90' lang='lat' dir='ltr'>Laurum,</span> <span class='ocrx_word' id='word_1_114' title='bbox 606 1808 651 1843; x_wconf 88' lang='lat' dir='ltr'>at</span> <span class='ocrx_word' id='word_1_115' title='bbox 674 1814 768 1843; x_wconf 92' lang='lat' dir='ltr'>non</span> <span class='ocrx_word' id='word_1_116' title='bbox 792 1797 972 1843; x_wconf 91' lang='lat' dir='ltr'>laurum</span> <span class='ocrx_word' id='word_1_117' title='bbox 997 1811 1308 1843; x_wconf 84' lang='lat' dir='ltr'>commeruere</span> <span class='ocrx_word' id='word_1_118' title='bbox 1329 1793 1467 1841; x_wconf 86' lang='lat' dir='ltr'>suam.</span> 
     </span>
    </p>

    <p class='ocr_par' dir='ltr' id='par_1_11' title="bbox 297 1885 1366 2041">
     <span class='ocr_line' id='line_1_20' title="bbox 297 1885 1366 1951; baseline -0.006 -16"><span class='ocrx_word' id='word_1_119' title='bbox 297 1889 494 1950; x_wconf 82' lang='lat' dir='ltr'>Pervaga</span> <span class='ocrx_word' id='word_1_120' title='bbox 518 1885 579 1933; x_wconf 88' lang='lat' dir='ltr'>fic</span> <span class='ocrx_word' id='word_1_121' title='bbox 603 1888 752 1951; x_wconf 88' lang='lat' dir='ltr'>potuit</span> <span class='ocrx_word' id='word_1_122' title='bbox 775 1887 931 1950; x_wconf 85' lang='lat' dir='ltr'>Stygio</span> <span class='ocrx_word' id='word_1_123' title='bbox 950 1885 1213 1950; x_wconf 85' lang='lat' dir='ltr'>Proserpina</span> <span class='ocrx_word' id='word_1_124' title='bbox 1233 1885 1366 1947; x_wconf 83' lang='lat' dir='ltr'>Regi,</span> 
     </span>
     <span class='ocr_line' id='line_1_21' title="bbox 364 1974 1283 2041; baseline -0.005 -18"><span class='ocrx_word' id='word_1_125' title='bbox 364 1977 435 2024; x_wconf 89' lang='lat' dir='ltr'>Sic</span> <span class='ocrx_word' id='word_1_126' title='bbox 459 1977 607 2041; x_wconf 88' lang='lat' dir='ltr'>potuit</span> <span class='ocrx_word' id='word_1_127' title='bbox 629 1978 789 2022; x_wconf 85' lang='lat' dir='ltr'>Danae</span> <span class='ocrx_word' id='word_1_128' title='bbox 813 1974 912 2041; x_wconf 90' lang='lat' dir='ltr'>plus</span> <span class='ocrx_word' id='word_1_129' title='bbox 936 1974 1148 2039; x_wconf 81' lang='lat' dir='ltr'>placuiffe</span> <span class='ocrx_word' id='word_1_130' title='bbox 1167 1974 1283 2039; x_wconf 90' lang='lat' dir='ltr'>Jovi.</span> 
     </span>
    </p>

    <p class='ocr_par' dir='ltr' id='par_1_12' title="bbox 297 2058 1620 2217">
     <span class='ocr_line' id='line_1_22' title="bbox 297 2058 1620 2126; baseline -0.006 -15"><span class='ocrx_word' id='word_1_131' title='bbox 297 2065 395 2113; x_wconf 86' lang='lat' dir='ltr'>Nec</span> <span class='ocrx_word' id='word_1_132' title='bbox 418 2062 515 2110; x_wconf 88' lang='lat' dir='ltr'>satis</span> <span class='ocrx_word' id='word_1_133' title='bbox 537 2061 639 2110; x_wconf 87' lang='lat' dir='ltr'>hoc.</span> <span class='ocrx_word' id='word_1_134' title='bbox 690 2063 865 2126; x_wconf 84' lang='lat' dir='ltr'>Pergis:</span> <span class='ocrx_word' id='word_1_135' title='bbox 905 2065 1060 2126; x_wconf 84' lang='lat' dir='ltr'>Qam</span> <span class='ocrx_word' id='word_1_136' title='bbox 1085 2061 1185 2107; x_wconf 88' lang='lat' dir='ltr'>sunt</span> <span class='ocrx_word' id='word_1_137' title='bbox 1208 2059 1303 2106; x_wconf 86' lang='lat' dir='ltr'>haec</span> <span class='ocrx_word' id='word_1_138' title='bbox 1333 2074 1460 2105; x_wconf 90' lang='lat' dir='ltr'>cerea</span> <span class='ocrx_word' id='word_1_139' title='bbox 1484 2058 1620 2113; x_wconf 81' lang='lat' dir='ltr'>labra,</span> 
     </span>
     <span class='ocr_line' id='line_1_23' title="bbox 364 2145 1357 2217; baseline -0.007 -18"><span class='ocrx_word' id='word_1_140' title='bbox 364 2152 522 2215; x_wconf 82' lang='lat' dir='ltr'>Digna</span> <span class='ocrx_word' id='word_1_141' title='bbox 545 2150 712 2217; x_wconf 88' lang='lat' dir='ltr'>quibus</span> <span class='ocrx_word' id='word_1_142' title='bbox 734 2149 866 2215; x_wconf 79' lang='lat' dir='ltr'>pressi</span> <span class='ocrx_word' id='word_1_143' title='bbox 889 2148 1038 2212; x_wconf 85' lang='lat' dir='ltr'>surgat</span> <span class='ocrx_word' id='word_1_144' title='bbox 1062 2150 1217 2211; x_wconf 85' lang='lat' dir='ltr'>imago</span> <span class='ocrx_word' id='word_1_145' title='bbox 1241 2147 1329 2193; x_wconf 91' lang='lat' dir='ltr'>Dei</span> <span class='ocrx_word' id='word_1_146' title='bbox 1349 2145 1357 2191; x_wconf 89' lang='lat'>!</span> 
     </span>
    </p>

    <p class='ocr_par' dir='ltr' id='par_1_13' title="bbox 298 2232 1390 2387">
     <span class='ocr_line' id='line_1_24' title="bbox 298 2232 1341 2301; baseline -0.006 -15"><span class='ocrx_word' id='word_1_147' title='bbox 298 2240 383 2286; x_wconf 89' lang='lat' dir='ltr'>His</span> <span class='ocrx_word' id='word_1_148' title='bbox 405 2236 698 2301; x_wconf 72' lang='lat' dir='ltr'>obsignatum</span> <span class='ocrx_word' id='word_1_149' title='bbox 721 2237 894 2301; x_wconf 81' lang='lat' dir='ltr'>quoties</span> <span class='ocrx_word' id='word_1_150' title='bbox 917 2236 1090 2282; x_wconf 81' lang='lat' dir='ltr'>conaris</span> <span class='ocrx_word' id='word_1_151' title='bbox 1112 2232 1341 2282; x_wconf 76' lang='lat' dir='ltr'>amorem!</span> 
     </span>
     <span class='ocr_line' id='line_1_25' title="bbox 366 2322 1390 2387; baseline -0.005 -16"><span class='ocrx_word' id='word_1_152' title='bbox 366 2327 472 2371; x_wconf 91' lang='lat' dir='ltr'>Heu</span> <span class='ocrx_word' id='word_1_153' title='bbox 496 2323 675 2380; x_wconf 88' lang='lat' dir='ltr'>dubius,</span> <span class='ocrx_word' id='word_1_154' title='bbox 701 2322 883 2387; x_wconf 86' lang='lat' dir='ltr'>fragilis,</span> <span class='ocrx_word' id='word_1_155' title='bbox 907 2340 1058 2370; x_wconf 80' lang='lat' dir='ltr'>cereus</span> <span class='ocrx_word' id='word_1_156' title='bbox 1081 2322 1228 2369; x_wconf 89' lang='lat' dir='ltr'>omnis</span> <span class='ocrx_word' id='word_1_157' title='bbox 1249 2337 1390 2368; x_wconf 85' lang='lat' dir='ltr'>amor.</span> 
     </span>
    </p>

    <p class='ocr_par' dir='ltr' id='par_1_14' title="bbox 300 2406 1550 2477">
     <span class='ocr_line' id='line_1_26' title="bbox 300 2406 1550 2477; baseline -0.006 -18"><span class='ocrx_word' id='word_1_158' title='bbox 300 2410 379 2459; x_wconf 85' lang='lat' dir='ltr'>Ah</span> <span class='ocrx_word' id='word_1_159' title='bbox 400 2412 572 2476; x_wconf 90' lang='lat' dir='ltr'>quoties</span> <span class='ocrx_word' id='word_1_160' title='bbox 595 2410 767 2477; x_wconf 84' lang='lat' dir='ltr'>placuit</span> <span class='ocrx_word' id='word_1_161' title='bbox 786 2429 879 2458; x_wconf 91' lang='lat' dir='ltr'>non</span> <span class='ocrx_word' id='word_1_162' title='bbox 901 2408 1106 2458; x_wconf 86' lang='lat' dir='ltr'>constans</span> <span class='ocrx_word' id='word_1_163' title='bbox 1131 2407 1276 2456; x_wconf 84' lang='lat' dir='ltr'>forma</span> <span class='ocrx_word' id='word_1_164' title='bbox 1301 2406 1550 2471; x_wconf 84' lang='lat' dir='ltr'>genarum?</span> 
     </span>
    </p>
   </div>
   <div class='ocr_carea' id='block_1_3' title="bbox 370 2494 1757 2624">
    <p class='ocr_par' dir='ltr' id='par_1_15' title="bbox 370 2494 1757 2624">
     <span class='ocr_line' id='line_1_27' title="bbox 370 2494 1375 2564; baseline -0.005 -18"><span class='ocrx_word' id='word_1_165' title='bbox 370 2503 590 2549; x_wconf 87' lang='lat' dir='ltr'>Attamen</span> <span class='ocrx_word' id='word_1_166' title='bbox 613 2498 681 2547; x_wconf 88' lang='lat' dir='ltr'>his</span> <span class='ocrx_word' id='word_1_167' title='bbox 705 2497 866 2547; x_wconf 89' lang='lat' dir='ltr'>melius</span> <span class='ocrx_word' id='word_1_168' title='bbox 889 2498 1008 2564; x_wconf 62' lang='lat' dir='ltr'>pidia</span> <span class='ocrx_word' id='word_1_169' title='bbox 1032 2495 1196 2544; x_wconf 81' lang='lat' dir='ltr'>tabella</span> <span class='ocrx_word' id='word_1_170' title='bbox 1219 2494 1375 2543; x_wconf 88' lang='lat' dir='ltr'>rubet:</span> 
     </span>
     <span class='ocr_line' id='line_1_28' title="bbox 1647 2579 1757 2624; baseline -0.018 0"><span class='ocrx_word' id='word_1_171' title='bbox 1647 2579 1757 2624; x_wconf 69' lang='lat' dir='ltr'>Mox</span> 
     </span>
    </p>
   </div>
  </div>
 </body>
</html>
