1977 2793
168 184 284 241 108
556 177 1307 237 APPENDIX.

161 302 301 369 Qod
327 315 375 348 ut
400 301 585 348 feliciter
606 298 699 355 fiat,
727 308 1026 344 monumenta
1051 297 1334 352 Sandtorum,
1358 296 1466 343 vitas
1490 294 1700 359 intelligo

160 394 293 441 literis
317 391 564 447 mandatas,
597 387 867 436 revolvenda
902 400 948 434 et
979 380 1226 435 reverenter
1249 387 1551 452 expendenda
1577 385 1693 443 sunt,

161 484 206 528 in
232 480 394 546 quibus
419 492 638 544 tanquam
663 478 709 525 in
736 475 906 523 fincero
931 475 1124 542 specuIO,
1160 473 1349 524 fidelem
1371 477 1551 523 Pietatis
1575 473 1697 539 figu-

161 583 258 613 ram
285 565 561 612 relucentem
582 562 757 610 videas:
786 579 869 608 nec
893 562 1017 608 enim
1042 561 1155 609 ullos
1179 561 1461 627 perfeetionis
1487 578 1697 609 numeros

160 652 229 699 vel
248 651 495 716 cogitando
514 649 764 714 affequaris,
789 648 875 695 five
895 666 1080 695 morum
1103 649 1421 706 austeritatem,
1450 647 1537 696 five
1560 646 1696 695 absti-

161 744 321 789 nentiae
346 742 556 803 rigorem,
591 737 677 785 five
703 755 890 803 precum
914 736 1232 794 intensionem,
1266 736 1354 785 five
1379 737 1603 786 charitatis
1627 753 1697 783 ar-

161 827 318 874 dorem
340 844 351 882 3
392 823 478 871 live
504 825 551 870 in
574 822 800 871 laboribus
826 822 1068 870 subeundis
1090 822 1383 881 alacritatem,
1415 825 1463 870 in
1489 822 1699 887 superan—

161 913 230 961 dis
256 911 557 959 constantiam
585 910 761 975 spedteS,
800 927 910 977 quas
933 910 1074 976 aliqui
1109 927 1165 958 ex
1198 909 1384 957 illorum
1408 911 1611 957 exercitu*
1638 909 1698 957 ad

160 999 374 1049 amuffim
396 1017 486 1047 non
512 998 788 1064 implerunt3
816 1010 861 1045 et
880 1000 1077 1063 Nepotes
1097 995 1286 1061 proinde
1311 994 1407 1043 suos
1429 995 1488 1042 ad
1509 996 1699 1062 parilem

160 1091 304 1139 animi
329 1088 702 1152 magnitudinem
728 1087 1048 1152 provocarunt..

175 1206 179 1208 ·
231 1180 373 1228 Sensit
395 1179 491 1228 haec
515 1197 607 1226 non
632 1181 836 1226 incautus
858 1177 1093 1234 Diabolus,
1119 1189 1163 1225 et
1185 1178 1274 1226 alta
1293 1190 1446 1225 mente
1465 1195 1696 1243 reponens,

161 1270 308 1320 nullos
332 1287 425 1317 non
450 1286 604 1316 nervos
623 1267 832 1323 intendit,
856 1278 902 1313 et
920 1266 1098 1312 fraudes
1116 1266 1304 1323 consuit,
1330 1279 1381 1313 ut
1401 1267 1467 1314 vel
1489 1267 1698 1332 deceptos

162 1359 231 1406 vel
257 1358 486 1405 deterritos
510 1374 537 1403 a
561 1355 765 1420 legendis
790 1356 1058 1402 Sanerum
1078 1353 1268 1402 historiis
1291 1366 1473 1401 avocet:
1509 1353 1619 1401 hinc
1643 1354 1700 1401 il-

161 1445 354 1494 lecebras
371 1443 626 1500 obtrudere,
651 1443 756 1489 alias
775 1441 978 1490 historias
998 1442 1164 1507 partim
1182 1439 1388 1507 profanas
1407 1441 1571 1505 partim
1595 1440 1699 1488 inu-

161 1535 257 1582 tiles
274 1533 534 1599 supponere,
555 1544 725 1579 mentes
744 1531 918 1595 ineptiis
939 1529 1096 1578 Saeculi
1115 1540 1355 1594 occupatas
1373 1540 1548 1575 tenere:
1574 1526 1698 1575 unde

163 1626 309 1674 miseri
329 1624 542 1673 Mortales
567 1624 659 1671 dies
682 1635 728 1670 et
750 1641 890 1670 annos
914 1622 1177 1688 prodigunt,
1203 1639 1287 1669 nec
1312 1621 1505 1669 sentiunt
1527 1621 1568 1668 se
1592 1639 1699 1686 cap-

162 1727 227 1761 tos
259 1713 463 1759 vanitatis
496 1711 680 1774 laqueis,
727 1709 842 1756 dum
881 1709 1082 1756 molliter
1111 1709 1412 1757 clauduntur:
1460 1713 1530 1756 Ex
1563 1709 1698 1756 altera

163 1814 286 1868 parte
309 1800 535 1867 scrupulos
553 1799 749 1864 injicere,
775 1797 1106 1845 dubitationem
1128 1799 1185 1844 de
1205 1798 1490 1845 historiarum
1509 1797 1604 1846 fide
1627 1800 1699 1846 in-

167 1906 392 1954 generare,
418 1901 476 1945 et,
501 1885 627 1951 quod
646 1903 843 1933 acumen
863 1884 1031 1933 fraudis
1049 1884 1127 1943 est,
1146 1884 1368 1949 figmenta
1385 1884 1595 1950 quaedam
1611 1883 1702 1933 sm-

163 1979 273 2025 eeris
293 1974 617 2023 narrationibus
638 1973 889 2024 immiscere
906 1993 920 2032 3
947 1986 998 2020 ut
1015 1992 1124 2022 cum
1146 1972 1330 2037 fingulis
1349 1973 1588 2021 led‘coribus
1605 1991 1699 2021 non

164 2064 218 2112 fit
245 2066 293 2112 in
320 2063 506 2130 proclivi
530 2080 630 2109 vera
654 2080 680 2109 a
705 2061 821 2110 falfi-s
846 2062 1107 2119 discernere,
1139 2062 1397 2126 imposturae
1422 2061 1612 2126 suspicio
1631 2073 1699 2108 to—

164 2166 259 2200 tam
285 2141 573 2199 historiarum
597 2150 737 2198 telam
763 2149 961 2207 invadat,
986 2161 1030 2196 et
1054 2148 1281 2213 negleelui
1305 2160 1514 2215 exponat.

233 2241 394 2289 Primis
420 2240 504 2286 illis
530 2240 620 2286 alio
648 2238 792 2287 modo
824 2237 1206 2304 prospiciendum,
1243 2237 1406 2303 quibus
1440 2238 1699 2285 remedium

164 2348 259 2378 non
283 2327 529 2376 difficulter
553 2329 793 2390 excogites,
828 2327 942 2376 dum
964 2326 1060 2374 illos
1086 2325 1231 2373 solum
1254 2326 1380 2372 vitiat
1403 2327 1563 2373 otium.
1615 2327 1699 2373 His

164 2435 268 2466 vero
287 2415 537 2464 accuratius
562 2414 915 2462 succurrendum
942 2413 1021 2469 est,
1059 2413 1165 2478 quia
1193 2408 1286 2459 non
1311 2410 1403 2460 fine
1430 2412 1600 2458 ratione
1627 2412 1699 2458 in-

166 2505 304 2553 sanire
329 2504 549 2552 videntur.
588 2502 789 2560 Grande,
831 2499 987 2558 fateor,
1020 2499 1198 2549 malum
1221 2498 1300 2556 est,
1335 2498 1460 2564 quod
1485 2498 1698 2546 inimicus

1508 2585 1699 2633 Zizania
