1977 2793
221 126 333 182 116
609 121 1355 182 APPENDIX.

212 245 420 311 objicias.)
482 244 524 290 Si
562 242 856 309 superioribus
887 239 1079 288 historiis
1112 240 1412 289 consentanea
1446 240 1671 300 scribunt3
1710 240 1744 290 fi

212 335 423 399 pietatem
451 345 494 378 et
519 325 724 379 Gloriam
753 331 840 378 Dei
866 327 1058 396 spirant3
1085 327 1118 377 fi
1144 327 1226 376 fibi
1250 331 1443 377 minime
1465 341 1719 394 repugnant
1728 349 1743 388 3

213 420 246 468 si
269 433 386 467 certa
404 419 469 467 vc]
491 418 738 485 probabilia
763 418 1019 466 testimonia
1044 418 1306 484 proferunt3
1334 417 1367 465 fi
1392 419 1492 465 viris
1509 418 1637 465 bonis
1662 418 1748 465 do-

211 510 376 575 &isque
401 509 575 575 probati
600 499 796 567 fuerint3
834 507 866 555 fi
891 508 1090 574 denique
1117 508 1207 556 sola
1234 521 1393 557 contra
1421 509 1519 556 illos
1543 507 1744 574 suspiciQ

210 601 391 649 nullum
414 619 518 647 vero
552 599 766 648 disertum
791 611 1117 662 argumentum
1143 599 1308 647 militet
1323 619 1337 658 3
1371 598 1484 664 quid
1509 616 1642 664 porro
1666 617 1747 664 po·-

211 688 343 735 stulas
361 687 419 734 ad
440 687 796 751 ingenerandam
817 685 990 736 fidem?
1011 687 1142 734 Tales
1163 688 1289 735 enim
1309 701 1509 735 temnere
1530 705 1622 734 non
1643 705 1748 753 pru-

211 775 356 823 dentis
380 776 460 822 viri
485 775 562 832 est,
590 775 664 822 sed
689 788 889 823 temnere
909 774 1110 822 volentis.

280 866 323 911 Si
347 881 446 928 quae
469 875 713 911 occurrunt
737 865 1005 911 Sanctorum
1031 861 1226 912 historiae
1249 865 1297 911 in
1323 864 1488 930 quibus
1518 864 1668 929 aliqua
1692 881 1748 912 ex

209 950 299 997 istis
324 948 502 995 indiciis
527 948 741 1005 relucent,
779 962 936 997 caetera
959 968 1063 998 vero
1091 950 1265 1010 desunt,
1305 952 1421 1000 facta
1457 954 1749 1019 proportione

208 1037 393 1089 ferenda
406 1036 470 1084 est
488 1037 728 1084 sententia:
757 1055 841 1084 nec
865 1039 1022 1086 omnia
1046 1038 1198 1087 statim
1223 1041 1510 1107 repudianda
1530 1041 1645 1099 sunt,
1671 1041 1747 1089 sed

209 1127 258 1172 in
273 1127 317 1171 V
318 1122 618 1180 erifimilium,
644 1124 713 1172 vel
732 1143 826 1172 non
845 1124 1083 1174 manifeste
1106 1126 1319 1175 falsorum
1342 1128 1524 1176 claffem
1549 1129 1750 1197 rejicien-

211 1212 284 1260 da.
322 1211 599 1277 Hujusmodi
623 1229 716 1260 non
738 1230 884 1278 pauca
904 1215 984 1263 sub
1005 1217 1223 1263 Simeonis
1243 1216 1538 1281 Metaphrasti
1561 1219 1751 1266 nomine

210 1303 428 1357 feruntur,
453 1299 541 1346 alia
563 1298 774 1348 aliorum.
820 1303 893 1348 De
918 1301 1083 1367 quibus
1107 1302 1304 1368 prudens
1327 1305 1491 1351 Lector
1513 1305 1628 1371 quid
1653 1324 1750 1353 cre-

211 1388 418 1437 dendum
441 1387 576 1435 fuerit
597 1387 731 1436 facile
755 1388 1001 1438 discernet:
1028 1390 1246 1439 Indoctus
1268 1403 1424 1440 autem
1441 1410 1535 1440 non
1553 1392 1647 1441 fine
1670 1413 1753 1461 pe*

211 1476 357 1525 riculo
388 1477 508 1541 legat
523 1496 538 1535 3
578 1476 645 1524 vel
670 1478 796 1525 enim
820 1480 978 1526 omnia
1003 1480 1202 1545 recipiet,
1244 1480 1316 1528 vel
1344 1498 1437 1529 una
1460 1500 1569 1531 cum
1595 1481 1662 1530 his
1687 1482 1752 1530 sa-

211 1566 337 1613 niora
361 1581 545 1630 quoque
568 1576 844 1614 contemnet.

279 1650 550 1699 Dolendum
579 1651 771 1717 quidem
794 1652 874 1710 est,
911 1667 1211 1702 monumenta
1244 1657 1538 1722 quorundam
1566 1659 1751 1706 Sancto-

212 1761 331 1799 rum,
355 1755 452 1789 tam
472 1741 661 1790 confuse
682 1754 728 1789 et
750 1743 961 1808 imperite
984 1746 1216 1793 memoriae
1240 1747 1419 1811 prodita
1443 1747 1596 1796 fuiffe:
1623 1750 1750 1815 quod

211 1846 366 1880 tamen
384 1834 509 1878 Deus
533 1829 631 1878 fieri
655 1832 836 1897 patitur,
860 1845 913 1882 ut
935 1833 1080 1892 nobiS,
1106 1834 1224 1883 dum
1241 1837 1467 1884 autentica
1492 1837 1751 1902 probamus,

210 1931 255 1966 et
277 1920 530 1966 imitatione
553 1918 839 1984 profitemur,
874 1918 970 1968 laus
993 1921 1138 1987 majo-r
1161 1937 1377 1987 emergat.
1436 1928 1496 1972 Et
1528 1928 1752 1991 quemad-

211 2007 409 2055 modum
427 2006 670 2055 neceffario
689 2008 903 2057 eveniunt
920 2006 1098 2058 haereses
1113 2010 1175 2058 ad
1199 2011 1516 2075 probationem
1537 2013 1750 2063 fidelium

213 2098 446 2144 veritatem
471 2096 704 2146 mordicus
727 2099 983 2146 tenentium
997 2118 1012 2158 3
1053 2100 1114 2146 ita
1150 2098 1282 2146 suum
1305 2118 1489 2166 quoque
1512 2103 1645 2152 usum
1669 2105 1751 2153 ha-

213 2181 288 2230 bet
311 2180 598 2230 historiarum
636 2183 879 2250 corruptio,
917 2200 1017 2249 quae
1049 2200 1149 2233 vera
1182 2183 1533 2234 discernentibus
1559 2187 1751 2238 solidam

211 2268 357 2318 laudis
380 2271 617 2319 materiam
640 2269 838 2319 exhibet.

281 2358 367 2405 His
389 2358 450 2404 ita
470 2357 693 2424 expositis,
722 2359 835 2425 quid
860 2358 1057 2426 superest
1075 2358 1159 2408 nifi
1183 2371 1234 2409 ut
1257 2360 1460 2411 historias
1483 2366 1751 2414 Sanctorum

215 2462 298 2514 pro
319 2444 398 2494 suo
422 2446 621 2520 quasque
641 2447 840 2499 modulo
855 2448 1204 2520 amplectamur,
1229 2449 1394 2502 divinis
1417 2452 1639 2511 divinam,
1663 2452 1754 2502 hu-

1605 2559 1755 2593 InamS
