1977 2793
259 139 375 195 128
644 129 1392 190 APPENDIX.

250 253 446 301 mundas
470 251 576 299 soles
600 249 728 306 escas,
754 247 1032 314 prehendas:
1069 251 1191 295 Cave
1215 247 1438 312 degustes.
1485 250 1611 296 Nam
1635 248 1793 316 depas-

250 359 364 398 cere,
403 342 606 387 Omnem
640 351 855 404 exuperat
886 337 1157 387 audaciam:
1198 336 1302 385 Im&
1337 349 1388 385 ut
1425 336 1483 385 ab
1515 339 1644 387 omni
1681 337 1796 386 absis

251 430 513 496 suspicione,
533 428 590 476 ab
607 427 690 475 illis
710 426 950 492 tangendis
969 425 1141 493 prorsus
1157 438 1375 492 tempera.
1390 426 1549 473 Tertio
1564 425 1666 474 sane
1686 424 1794 474 huic

251 528 474 583 praecepto
499 514 611 562 nihil
639 513 858 570 stolidius,
897 525 978 561 aut
1008 530 1034 560 a
1063 515 1187 577 Lege
1218 515 1354 560 veteri
1384 513 1598 561 alienius:
1637 531 1794 563 verum

250 605 364 671 quid
389 604 480 652 istis
504 602 768 651 hominibus
791 601 941 659 facias,
980 603 1028 649 in
1061 602 1226 668 quibus
1249 602 1423 650 indoles
1442 602 1511 651 est
1535 601 1796 650 Pharisaicae

251 692 515 740 severitatis?
555 693 628 738 Ne
661 709 754 738 non
778 703 933 756 praeter
957 702 1134 738 caetcros
1162 689 1310 755 sapere
1350 690 1582 755 religionis
1614 693 1796 755 negotia

252 781 503 837 videantur,
531 781 707 827 Divina:
735 780 848 843 Legi
872 791 1094 844 tanquam
1119 776 1246 826 haud
1280 778 1378 826 satis
1411 761 1569 837 cautae,
1609 779 1796 846 provida

251 870 325 916 sua
349 880 611 916 commenta
637 885 731 916 non
754 865 1021 914 erubescunt
1044 866 1225 914 affuere.

324 958 556 1006 Caetersim
585 956 620 1004 fi
653 957 804 1004 minus
836 967 965 1021 aptus
1000 954 1071 1002 isti
1102 954 1244 1002 Nodo
1277 953 1455 1002 videtur
1490 955 1568 1004 hic
1597 957 1797 1014 CuneuS,

255 1049 364 1098 hem
384 1049 553 1096 alium:
581 1050 635 1096 In
649 1046 864 1095 Confeffo
881 1047 960 1103 est,
978 1045 1255 1112 Apostolum
1273 1045 1370 1094 haec
1386 1046 1512 1111 loqui
1532 1039 1795 1112 μιμηἹικῶςε

253 1138 289 1186 fi
313 1137 445 1185 verba
471 1135 656 1184 inficeta
679 1135 795 1193 sunt,
820 1135 855 1183 fi
879 1134 1049 1192 inscita,
1075 1134 1111 1183 fi
1129 1136 1410 1199 incongrua3
1438 1137 1547 1182 Non
1566 1135 1642 1184 ille
1662 1134 1800 1201 culpa

253 1237 444 1280 tenetur,
481 1223 556 1269 sed
585 1221 668 1287 ipsi
699 1216 964 1287 impostores
997 1235 1094 1271 tam
1121 1223 1365 1270 inconditis
1399 1223 1548 1272 modis
1576 1223 1820 1287 dogmata&

254 1314 330 1361 sua
349 1311 618 1360 effutientes.
658 1313 785 1374 Qos
803 1309 994 1374 quidem
1012 1308 1181 1356 Paulus
1197 1309 1357 1377 majori
1377 1309 1515 1357 habet
1534 1309 1798 1375 despicatui,

255 1403 371 1450 dum
392 1400 534 1468 ipsam
556 1399 884 1447 infrunitorum
899 1400 1191 1447 Diciatorum
1209 1398 1596 1465 vaniloquentiam
1617 1398 1798 1465 profert.

254 1494 450 1555 Unaque
476 1487 750 1536 Coloffenses
785 1487 922 1536 docet
952 1499 1049 1536 tam
1084 1487 1301 1536 ridiculos
1340 1487 1593 1552 Magistros,
1633 1500 1684 1536 ut
1718 1506 1799 1555 par

254 1591 363 1636 erat,
389 1577 600 1625 fastidire.
638 1580 751 1625 Haec
769 1576 924 1634 habui,
951 1576 1239 1635 Academici,
1265 1576 1324 1626 de
1343 1576 1542 1626 molestis
1559 1576 1680 1626 hisce
1701 1595 1799 1625 ver—

256 1668 348 1716 bis:
374 1667 516 1715 vestro
539 1677 694 1715 autem
712 1665 892 1734 judicio
916 1665 1234 1734 permittenda.

1423 2310 1795 2364 APPEND.
