1977 2793
613 121 1368 182 APPEanx.
1641 148 1758 204 127

218 239 436 304 signantis
454 239 550 289 duo
566 259 621 289 ex
640 242 778 292 tribus
795 244 1037 310 praemiffis,
1065 245 1139 293 sed
1155 263 1207 294 ea
1231 248 1385 294 onmia
1406 246 1760 312 complectentis.

218 331 343 376 Cum
371 328 455 376 hac
481 330 634 396 itaque
659 347 752 378 non
776 330 992 388 successit,
1027 331 1115 380 alia
1138 333 1354 380 tentanda
1374 332 1438 380 est
1460 335 1543 380 via.
1594 337 1769 384 Nemi-

218 434 325 465 nem
345 429 499 466 autem
521 436 631 466 curn
657 418 851 468 habeam
876 421 955 485 qui
975 421 1096 469 viam
1116 420 1315 480 inchoet,
1341 424 1447 480 Vos,
1474 422 1761 481 Academici,

217 512 410 558 tentanti
435 509 590 558 favete.

288 600 538 665 Accepistis
563 600 864 665 quamobrem
897 601 955 648 de
992 601 1102 649 cibis
1137 601 1236 666 (nisi
1263 601 1376 650 forte
1408 605 1544 649 Potus
1578 620 1764 669 quoque

216 688 429 756 addatur)
458 687 554 736 haec
580 688 878 754 intelligenda
903 690 1134 738 censeam:
1177 691 1303 756 quod
1333 702 1540 757 praeterea
1574 690 1764 739 firmant

217 779 381 828 ultima
414 780 545 847 hujus
570 782 742 847 Capitis
769 781 901 828 verba
934 778 1017 852 [ἐκ
1043 779 1079 831 ἐν
1107 779 1214 849 τιμῇ
1239 798 1316 831 τινι
1345 776 1469 841 (ωεές
1495 775 1765 846 πλησμονῆν

217 868 289 923 τῆς
318 865 506 937 σαξκὸς]
533 871 591 920 de
615 871 780 938 quibus
803 871 993 920 tandem
1019 872 1097 920 suo
1120 871 1236 919 loco.
1274 873 1345 919 Sic
1369 873 1520 935 igitur,
1545 873 1594 919 ni
1617 870 1768 927 fallor,-

218 979 282 1008 res
306 960 470 1010 habet:
505 962 714 1010 Verbum
741 954 992 1033 [ἅπΊΟμοα]
1019 962 1297 1028 quandoque
1321 978 1414 1008 non
1439 961 1517 1018 est,
1543 959 1762 1027 simplici-

217 1063 282 1098 ter
311 1065 457 1118 tango,
493 1050 565 1098 sed
602 1050 851 1117 prehendo,
887 1051 1064 1118 capesce,
1104 1063 1156 1098 ut
1186 1062 1377 1099 monent
1415 1048 1760 1114 Lexicographiz

219 1142 278 1187 Et
301 1140 492 1205 quidem
517 1140 675 1188 Suidas
700 1141 858 1188 diserte
883 1143 1071 1208 exponit
1095 1132 1305 1197 ἄπ’]εσθοα
1334 1157 1411 1204 per
1437 1131 1766 1202 λαμέοίιιεσθαι.

220 1233 503 1298 Quinetiam,
533 1235 581 1280 ni
600 1232 746 1290 fallor,
771 1235 833 1280 ita
858 1232 1096 1296 fignificat.
1125 1234 1241 1279 Luc.
1263 1249 1336 1278 22.
1358 1247 1436 1292 51.
1466 1220 1766 1299 [oixlsoe'poev&

217 1319 281 1372 τὲ·
304 1315 409 1372 oiri&
436 1314 545 1375 αὐἹὲ
572 1315 727 1379 ἶοίσαἹο
753 1313 894 1387 distein]
923 1320 1105 1369 absciffa
1126 1321 1249 1367 enim
1276 1319 1420 1366 fuerat
1446 1316 1621 1364 Malchi
1646 1320 1765 1366 auri-

220 1411 338 1467 cula,
363 1410 484 1458 hanc
509 1410 715 1459 Christus
739 1428 833 1458 non
857 1409 1007 1474 tetigit
1034 1408 1196 1464 solum,
1235 1407 1310 1454 sed
1335 1406 1590 1472 prehendit,
1631 1419 1677 1453 et
1703 1405 1764 1454 ad

221 1516 358 1570 caput
381 1504 581 1552 hominis
604 1503 849 1570 applicanS,
875 1513 1136 1549 truncatum
1162 1499 1340 1547 sanavit.
1375 1492 1452 1549 Μὴ
1477 1489 1585 1563 ἅψῃ
1611 1499 1764 1562 igitur,

219 1593 347 1641 idem
371 1593 495 1640 sonet
517 1591 659 1657 quod,
698 1608 755 1638 ne
780 1591 942 1657 capias,
981 1607 1038 1636 ne
1068 1588 1260 1635 affumas
1276 1606 1289 1645 3
1330 1585 1567 1649 (esculenta
1599 1585 1767 1633 scilicet

220 1682 345 1748 apud
368 1681 528 1729 Mosen
551 1680 805 1746 interdicta)
841 1680 999 1726 animo
1025 1675 1317 1725 comedendi.
1369 1676 1521 1722 Licuit
1557 1676 1679 1722 enim
1713 1691 1765 1720 ca

221 1784 420 1836 tangere,
445 1771 609 1836 quibus
631 1769 744 1816 vesci
765 1769 887 1816 nefas
907 1780 1012 1815 erat.
1053 1767 1266 1815 Camelus
1289 1764 1514 1829 siquidem
1540 1766 1654 1812 inter
1677 1767 1766 1811 ini-

221 1858 398 1907 munda
417 1856 634 1904 animalia
657 1856 829 1921 primus
854 1854 1131 1908 nominatur,
1159 1853 1275 1899 ch.
1293 1868 1311 1896 1
1328 1870 1366 1898 1.
1384 1865 1429 1907 4.
1469 1852 1533 1894 At
1551 1849 1648 1912 quis
1671 1865 1768 1893 crc-

221 1950 315 2007 dat,
342 1948 512 2015 Judaeis
536 1947 804 2010 religionem
830 1945 956 1992 fuiffe
983 1942 1193 1990 Camelos
1217 1938 1432 2002 tangere?
1458 1931 1583 1988 Μηδὲ
1609 1930 1765 2002 γεύσῃ,

221 2042 423 2108 Exponit
455 2052 659 2087 mentem
693 2039 846 2104 prioris
873 2034 1100 2101 praecepti,
1135 2044 1179 2078 et
1210 2047 1303 2096 quo
1330 2027 1522 2075 consilio
1569 2022 1624 2076 τό
1675 2020 1767 2074 οἷπ-

221 2122 373 2180 Teo-Oai
401 2132 590 2178 vetitum
613 2141 720 2175 erat.
760 2131 818 2175 Et
839 2125 1054 2173 haetenus
1079 2120 1268 2186 quidem
1294 2117 1539 2165 obtendere
1561 2128 1767 2181 poterant

222 2224 397 2284 Legem
423 2217 690 2266 Mosa'icam.
728 2218 901 2262 Verum
927 2229 1006 2278 pro
1033 2209 1261 2274 singulari,
1298 2206 1329 2254 si
1356 2207 1516 2271 placet,
1539 2205 1763 2258 Zebuffio,

223 2310 350 2357 Cum
376 2305 614 2355 abundans
637 2303 812 2352 cautela
844 2319 937 2348 non
973 2309 1146 2353 noceat,
1184 2294 1327 2342 visum
1351 2293 1415 2340 est
1441 2289 1762 2356 Impostoribus

223 2399 446 2451 Mantiffae
469 2399 572 2446 loco
596 2394 766 2443 addere
790 2384 916 2444 Μηδὲ
946 2380 1095 2455 θίγῃς.
1145 2385 1222 2432 Ad
1249 2384 1371 2432 hunc
1397 2385 1548 2448 itaque
1568 2378 1773 2427 modum*

224 2489 501 2538 decernunt:
533 2482 695 2531 Vetitis
726 2479 811 2528 illis
841 2477 951 2527 cibis
985 2491 1044 2523 ne
1065 2472 1324 2521 admoliaris
1350 2487 1555 2524 manum,
1590 2483 1687 2521 nee,
1714 2476 1771 2510 ut

1567 2552 1778 2604 mundas.
