1977 2793
601 152 1350 211 APPENDIX.
1624 176 1737 234 139

208 271 350 320 clefiae
370 272 600 322 Pastorem
621 286 785 338 ageret.
823 276 993 322 Verum
1014 273 1151 338 longe
1173 273 1259 322 alia
1275 276 1407 322 Petro
1426 291 1576 323 mens:
1601 294 1739 342 quem

204 360 239 408 s1
263 361 572 426 negligentem
586 362 866 419 insimulant,
893 380 971 410 nos
990 362 1105 410 illius
1125 362 1324 409 aemulari
1343 376 1607 429 exoptamus
1630 381 1741 428 neg-

204 450 459 515 ligentiam,
495 453 644 518 potius
685 470 826 518 quam
859 452 1049 500 istorum
1085 452 1385 515 diligentiam.
1453 456 1578 502 Nam
1612 454 1740 518 quod

204 542 414 590 nonnulli
432 553 712 606 argutantur,
738 543 913 607 gladios
932 544 1128 591 minime
1145 543 1386 591 tradendos
1402 543 1489 591 effi:
1511 546 1560 591 in
1580 561 1739 592 manus

205 629 557 689 insanientium;
582 630 696 693 nihil
719 631 796 679 est.
849 632 1006 679 Primo
1028 633 1169 688 enim,
1195 631 1362 680 Ideone
1385 632 1611 679 insaniunt
1634 629 1740 680 La'i-

205 719 263 775 ci,
289 719 397 784 quia
416 721 567 766 minus
586 718 856 766 imbuuntur
879 718 1031 766 literis.
1073 718 1297 776 Secundo,
1323 719 1485 783 Ecquis
1503 718 1741 766 contendit

207 807 454 870 Scripturas
478 807 526 854 in
547 805 840 853 vernaculum
863 805 1095 853 vertendas
1118 806 1218 862 effe,
1245 807 1291 852 in
1315 807 1509 869 gratiam
1528 805 1740 872 lympha-

206 894 427 942 ticorum:
466 894 646 951 Tertio,
680 911 794 941 num
820 893 930 940 sanis
957 891 1080 942 laicis
1103 894 1285 958 negabis
1309 894 1568 957 gladiorum
1592 893 1739 950 usum,

207 983 317 1046 quia
348 993 502 1030 mente
535 983 674 1047 captis
703 980 1037 1048 periculosum?
1085 981 1274 1048 Qarto‚
1312 983 1462 1028 Litem
1489 979 1739 1028 Pontificiis

207 1089 302 1119 non
327 1072 632 1129 intendemuS,
672 1069 706 1119 fi
729 1071 922 1118 furentes
945 1068 1082 1118 laicos
1112 1071 1337 1118 arcuerint
1361 1071 1607 1135 Scripturis,
1641 1086 1741 1117 mo-

208 1159 273 1207 do
313 1160 424 1207 sanis
462 1159 675 1207 omnibus
709 1158 958 1206 earundem
996 1159 1178 1222 copiam
1225 1159 1424 1205 fecerint.
1473 1155 1742 1222 AEquiffima

207 1246 328 1296 certe
350 1246 553 1294 conditio
567 1267 582 1306 ;
620 1248 864 1313 quam-qui
888 1245 1142 1310 repudiant,
1179 1243 1261 1309 ipfi
1286 1261 1378 1292 non
1401 1243 1643 1292 modicum
1665 1241 1739 1289 fu-

210 1351 359 1382 rorem
382 1332 549 1382 furunt.

745 1823 1224 1886 FINIS.
