1977 2793
589 128 1356 192 APPENDIX.
1618 157 1731 218 ιη

196 252 333 301 trario
363 249 498 318 plane
526 248 727 299 facinore
755 250 976 302 damnare
1000 252 1234 302 sustinetis.
1285 256 1382 303 Nos
1405 256 1578 306 interea
1599 260 1739 310 risum

195 341 271 390 vix
293 354 501 390 tenemus
524 341 642 390 dum
670 340 925 392 editionem
948 344 1075 392 illam
1099 346 1314 413 Vuggatae
1335 346 1558 395 vocabulo
1579 350 1738 398 vendi-

195 445 288 482 tare
314 452 408 484 non
432 435 630 484 ceffatis:
657 437 783 484 Nam
808 436 949 485 suerit
964 437 1155 504 quidem
1181 432 1456 504 cpeqoe'vvu&
1477 442 1590 491 olim
1613 445 1739 509 apud

196 524 379 573 Seclum
412 525 551 592 prius,
597 524 679 572 ubi
712 542 739 572 a
773 525 913 591 vulgo
944 528 1046 593 capi
1079 529 1256 592 potuit3
1297 539 1345 576 at
1385 547 1509 578 nunc
1542 530 1736 590 dierum,

194 614 386 682 quando
416 630 510 663 non
544 614 704 680 potest,
742 613 941 664 minime
971 613 1130 663 audiat
1162 615 1360 680 vulgata,
1398 617 1472 665 sed
1506 620 1739 669 recondita

194 703 359 770 potius,
383 713 442 761 et,
468 713 695 770 quantum
719 704 768 751 in
791 703 916 751 vobis
938 703 1019 761 est,
1043 703 1164 751 clero
1186 702 1415 753 reservata.

265 789 331 834 Ut
353 804 542 853 pergam
564 799 746 835 autem:
779 787 920 853 Qod
945 787 1069 855 apud
1088 790 1271 836 Latinos
1293 789 1393 838 illos
1410 790 1571 856 priscos
1595 793 1740 840 sano(-

194 890 285 938 que
307 873 577 924 factitatum·
595 874 817 933 videmu8‚
846 875 944 924 aliis
965 878 1013 924 in
1036 875 1246 941 gentibus
1269 877 1450 943 pridem
1482 880 1530 926 in
1558 881 1639 927 usu
1663 898 1738 928 ve-

195 963 277 1010 nit.
315 963 446 1031 Qid
470 981 727 1012 memorem
752 962 1003 1013 versionem
1022 968 1293 1023 Armenam,
1319 965 1659 1032 Chrysostomo,
1686 980 1741 1016 ut

194 1052 349 1111 fertur,
370 1051 609 1112 Authore3
636 1052 941 1111 Slavonicam,
967 1055 1287 1118 Hyeronim03
1316 1054 1580 1112 Gothicam,
1607 1056 1740 1106 Wul-

194 1137 352 1205 phila3
392 1140 658 1198 Arabicam,
702 1142 873 1207 Joanni
908 1139 1203 1206 Hispalenfi?
1232 1142 1367 1190 Teste
1399 1143 1738 1208 ChrysostomO,

128 1224 139 1231 ”
194 1228 420 1275 Homim.
444 1229 494 1274 in
511 1229 760 1291 Joannem,
784 1229 1103 1276 transtulerant
1126 1228 1251 1274 hunc
1270 1229 1548 1292 Apostolum
1571 1231 1620 1278 in
1652 1231 1740 1279 lin—

195 1332 306 1381 guas
330 1314 439 1372 suas,
465 1307 503 1365 (ὲ
528 1307 688 1381 Σύρρι,
717 1307 754 1364 Ε
776 1307 1032 1378 ἈιγύπἹιοι,
1061 1307 1098 1365 Q
1120 1309 1253 1374 Ἰνδοὶ,
1288 1308 1326 1366 (ἒ
1357 1310 1543 1386 Πέξσοα,
1578 1312 1615 1370 ἐξ
1647 1315 1741 1370 Ἀι-

196 1401 364 1464 θίοπες,
403 1398 441 1456 ὢ.
464 1398 618 1470 pedatae
642 1397 778 1469 ’ἑτερρι
803 1396 908 1462 ἔθνη,
943 1405 1072 1468 Syrii,
1109 1408 1330 1472 AEgyptii,
1366 1407 1485 1466 Indi,
1514 1421 1559 1455 et
1586 1409 1738 1467 Persae,

195 1495 430 1561 AEthiopes
452 1507 497 1542 et
518 1496 768 1542 innumerae
798 1493 895 1541 aliae
927 1495 1106 1540 Gentes.
1162 1495 1267 1559 Qia
1292 1496 1430 1559 igitur
1459 1514 1538 1544 nos
1566 1498 1613 1544 in
1638 1498 1737 1546 cul·

197 1586 254 1650 pa
295 1584 447 1631 sumus
495 1584 575 1649 qui
615 1584 924 1648 antiquorum*
950 1582 1093 1630 ubivis
1129 1585 1338 1646 gentium
1370 1584 1737 1635 Christianorum

197 1671 390 1737 vestigiis
414 1669 657 1719 insistimus
672 1671 698 1718 ?'

266 1764 341 1808 Ne
372 1773 527 1807 tamen
570 1758 663 1807 fine
697 1760 870 1807 ratione
900 1758 1091 1807 insanire
1125 1759 1367 1808 videantur
1395 1760 1645 1820 adversarii,
1686 1775 1738 1810 ut

195 1847 378 1896 causam
401 1865 562 1894 eorum
586 1847 683 1910 agit
707 1847 1019 1905 Bellzuminus,
1044 1847 1226 1895 audite:
1268 1850 1520 1918 [Convenit
1543 1853 1735 1898 omnino

196 1937 255 1984 ad
277 1934 486 1983 Ecclesiae
511 1935 734 1982 unitatem
754 1934 1123 1992 conservandam,
1162 1948 1212 1983 ut
1230 1937 1438 2001 publicus
1463 1937 1561 1984 usus
1582 1940 1734 2004 Scrip—

195 2038 400 2073 turarum
429 2024 482 2071 sit
501 2025 548 2071 in
568 2022 720 2089 aliqua
740 2022 897 2087 lingua
917 2023 1290 2072 communiffima
1308 2044 1322 2083 3
1360 2027 1483 2072 Nam
1502 2024 1627 2072 aliter
1647 2026 1734 2073 tol-

195 2115 311 2163 letur
333 2113 694 2160 communicatio
714 2110 1042 2159 Ecclefiarum:
1085 2115 1239 2159 Nemo
1274 2114 1398 2159 enim
1435 2130 1581 2178 neque
1605 2113 1735 2160 doci-

196 2219 261 2258 uS,
286 2219 433 2266 neque
452 2200 663 2247 indo-stus
685 2198 988 2264 frequentabit
1011 2199 1244 2256 Ecclefias,
1278 2199 1361 2249 nisi
1385 2203 1433 2248 in
1460 2201 1536 2248 sua
1561 2201 1731 2267 patriti,

196 2291 255 2336 Et
280 2298 486 2353 praeterea
510 2302 603 2332 non
627 2298 839 2352 poterunt
868 2285 964 2333 ficri
991 2285 1081 2332 ulla
1105 2286 1329 2349 generalia
1357 2287 1563 2335 Concilia
1583 2307 1596 2345 3
1631 2288 1731 2334 Nec

195 2375 322 2422 euim
367 2375 516 2420 Patres
564 2389 722 2419 omnes
768 2373 848 2438 qui
906 2370 965 2418 ad
1010 2372 1274 2419 Concilium
1318 2373 1517 2427 veniunt,
1564 2370 1733 2418 habent

197 2463 376 2512 donum
412 2460 717 2528 linguarum]
767 2463 835 2510 Ita
861 2461 955 2510 Ille.
1005 2464 1076 2520 Et,
1105 2474 1156 2511 ut
1180 2462 1374 2526 benigne
1414 2479 1493 2510 nos
1527 2476 1731 2523 agamus,

1510 2549 1737 2612 largimur-
