1977 2793
238 159 355 214 114
616 132 1363 196 APPENDIX.

228 261 325 325 quis
348 271 503 307 autem
528 258 634 306 alias
658 257 859 305 historias
895 258 942 304 in
977 255 1122 303 fidem
1155 255 1376 319 (divinam
1407 273 1501 304 non
1527 255 1647 314 dico,
1685 256 1760 305 sed

228 344 390 392 divinae
417 344 688 408 proximam)
725 341 897 406 recipit,
929 339 1089 388 diserta
1121 338 1471 398 Miraculorum,
1512 340 1571 388 de
1598 340 1762 407 quibus

220 431 316 498 jam
348 430 590 488 contend0‚
630 430 887 479 testimonia
919 428 1244 494 subter-fugere
1270 447 1364 478 non
1400 428 1557 496 potest.
1608 433 1762 495 Atque

226 519 301 571 hic
332 519 504 583 grande
530 517 893 567 Christianorum
921 518 1134 567 omnium
1165 517 1484 575 infortunium,
1518 535 1544 565 a
1573 516 1763 565 barbaro

226 608 517 658 Diocletiano
547 606 741 663 illatum,
775 604 1047 656 deflendum
1078 608 1300 655 occurrit:
1337 605 1564 672 siquidem
1583 605 1762 672 juratis-

226 696 363 746 fimus
385 695 462 743 ille
489 694 656 742 Christi
681 694 848 751 Hostis,
883 696 1239 744 commentarios
1263 695 1322 742 de
1347 694 1622 760 Martyribus
1644 692 1760 741 aliis-

226 803 315 850 que
339 785 508 831 Sanctis
532 781 620 830 five
644 785 692 830 in
717 783 910 848 dypticis
935 783 1023 830 five
1045 782 1153 830 alibi
1187 801 1279 830 non
1306 782 1398 830 fine
1426 783 1631 846 religiosa·
1654 799 1761 829 cura

223 870 445 936 congestis
469 883 515 918 et
537 870 796 928 convasatiS,
827 870 1135 935 undecunque
1161 869 1358 928 corrafit,
1392 883 1438 918 et
1465 870 1666 918 fiammis
1691 871 1762 918 in-

216 962 389 1028 jiciens,
427 959 634 1009 homines
661 976 846 1026 quoque
868 958 983 1026 ipsos
1007 960 1233 1025 quantum
1257 961 1304 1007 in
1337 959 1416 1007 illo
1441 971 1534 1007 erat
1562 958 1762 1007 secundo

223 1049 459 1099 interfecit.
517 1048 744 1115 Qaedam
782 1060 937 1096 tamen
965 1048 1120 1097 adhuc
1156 1049 1203 1097 in
1240 1050 1535 1115 antiquorum
1571 1050 1761 1096 Patrurn

224 1138 393 1205 scriptis
413 1136 657 1185 relucentia
678 1136 966 1200 effugerunt:
1003 1135 1219 1184 Eusebius
1242 1154 1428 1203 quoque
1452 1136 1598 1184 multa
1622 1136 1761 1183 colle-

223 1229 293 1292 git
316 1239 360 1273 et
383 1225 564 1292 posteris
588 1223 840 1272 transmisit.
888 1225 974 1271 Sed
999 1224 1243 1290 postquam
1268 1224 1434 1272 sudum
1461 1223 1669 1272 Ecclefiae
1693 1224 1762 1271 fa-

223 1318 352 1361 ctum
389 1312 467 1368 est,
504 1310 632 1358 testes
664 1310 907 1375 locupletes
943 1311 1229 1368 emerserunt,
1273 1328 1358 1358 nec
1395 1311 1634 1377 quisquam
1668 1310 1762 1360 fere

223 1402 292 1449 vel
318 1404 580 1449 Graecorum
611 1398 681 1447 vel
709 1400 978 1448 Latinorum
1012 1400 1200 1447 Patrum
1236 1398 1371 1457 hanc,
1404 1416 1545 1465 quam
1579 1399 1760 1457 molior,

225 1491 456 1538 veritatem
480 1488 635 1536 tacuit.
686 1491 752 1534 At
773 1488 936 1553 inquis,
961 1499 1056 1536 tam
1081 1489 1196 1536 mira
1214 1500 1259 1535 et
1277 1487 1572 1554 superioribus
1595 1487 1761 1535 saeculis

224 1579 408 1636 insueta,
446 1576 534 1626 five
558 1577 724 1625 Sanetis
751 1575 868 1642 ipfis,
911 1576 999 1625 five
1026 1576 1278 1625 eorundem
1304 1577 1517 1643 reliquiis,
1551 1575 1760 1624 inferiora

226 1664 394 1710 Saecula
413 1661 703 1719 affinxerunt,
723 1675 775 1709 ut.
794 1661 940 1710 fidem
959 1663 1083 1728 apud
1104 1663 1377 1728 prudentem
1392 1664 1557 1710 Virum
1578 1681 1671 1711 non
1689 1664 1761 1711 in-

225 1753 419 1799 veniant.
465 1752 565 1797 Scio
588 1750 709 1797 istud
731 1766 760 1796 a
784 1750 937 1798 multis
961 1749 1069 1807 dici,
1099 1751 1174 1798 sed
1202 1752 1329 1799 certis
1351 1753 1629 1814 argumentis
1655 1768 1760 1816 pro-

227 1838 318 1886 bari
341 1855 433 1885 non
452 1837 597 1884 video.
637 1839 724 1899 (De
747 1836 832 1883 illis
852 1835 1014 1902 loquor
1032 1834 1223 1884 historiis
1242 1854 1350 1902 quas
1370 1836 1568 1884 Ecclesia
1587 1837 1654 1884 vel
1675 1837 1760 1884 do-

226 1931 403 1974 ctorum
421 1927 619 1973 virorum
637 1924 869 1973 consensus
888 1925 1045 1991 recipit
1059 1929 1086 1991 ι)
1108 1925 1156 1972 in
1182 1923 1346 1990 quibus
1364 1923 1479 1972 nihil
1497 1924 1576 1982 est,
1602 1937 1758 1973 utrum

227 2014 557 2063 Miracuiorum
588 2012 906 2079 frequentiam,
941 2029 1001 2060 an
1031 2012 1258 2069 ordinem,
1296 2030 1355 2060 an
1385 2014 1660 2070 varietatem,
1698 2030 1759 2061 an

227 2101 496 2159 mensuram,
532 2119 591 2151 an
615 2101 883 2160 occasiones,
905 2119 965 2149 an
990 2101 1302 2159 instrumenta,
1324 2117 1401 2166 per
1423 2117 1522 2165 quae
1542 2100 1674 2157 fasta,
1699 2118 1759 2148 an

227 2189 440 2245 modum,
472 2207 528 2236 an
553 2189 710 2249 finem,
735 2208 794 2238 an
817 2188 1049 2247 effectum,
1082 2187 1260 2255 spedff’oeS,
1289 2187 1415 2255 quod
1444 2190 1490 2236 in
1524 2188 1758 2236 vetustissi-

226 2278 311 2325 mis
339 2278 605 2325 Sanctorum
633 2276 823 2326 historiis
847 2278 1008 2343 pariter
1031 2276 1265 2340 contigiffe
1293 2294 1386 2323 non
1410 2277 1621 2324 invenias.
1658 2278 1758 2323 Cae-

227 2377 319 2412 tera
337 2377 479 2422 taceo,
506 2367 645 2429 Greg.
662 2364 1083 2431 Thaumaturgum,
1108 2377 1153 2413 et
1172 2366 1448 2414 Memoriam
1473 2366 1513 2412 S.
1530 2363 1757 2430 Stephani,

226 2452 362 2505 illum
391 2453 518 2523 apud
550 2454 1030 2524 SGoeg-Nyffenum,
1062 2452 1183 2506 hanc
1213 2453 1338 2523 apud
1368 2456 1408 2503 S.
1424 2452 1758 2518 Augustinum,

1577 2541 1757 2590 tantum
