1977 2793
136 177 256 234 104
556 143 1240 210 POEMATA.

134 385 239 443 Ad
256 378 933 458 increbescentemfamam
955 376 1022 434 de
1045 373 1370 459 Ihspanicd
1393 376 1453 434 in
1477 372 1674 455 Angli-

663 493 754 530 am
783 469 1132 553 expeditione.

422 628 505 676 DS
520 627 540 672 I
556 627 583 671 S
619 623 822 680 sollicitO,
860 624 994 687 Lyra,

458 718 515 762 Et
539 730 730 776 magnos
752 710 922 759 levibus
946 709 1064 776 pelle
1086 709 1371 758 tremoribus.

345 804 496 852 Caedis
519 821 612 850 non
637 814 809 849 teneros
832 817 940 847 avus

275 894 408 943 Enses
432 909 732 963 progenerans
756 890 988 939 Bilbilicus
1011 889 1169 947 Faber,

348 984 537 1047 Vaginae
563 982 684 1030 male
708 981 876 1029 nescios

278 1077 376 1121 Aut
399 1073 552 1121 saltem
577 1073 793 1139 ancipites
816 1069 977 1118 efferat
999 1068 1182 1118 incolas.

349 1161 486 1225 Nigri
511 1160 680 1207 semina
703 1159 907 1207 fulminis

279 1248 422 1296 Haud
447 1248 585 1311 longa
609 1248 723 1294 dolii
746 1251 879 1293 nocte
904 1246 1103 1300 latentia,

350 1338 476 1383 Intus
499 1333 767 1399 concipiunt
792 1333 944 1396 Styga,

279 1433 339 1477 Et
362 1426 588 1495 quicquid
612 1426 757 1473 Furiae
780 1442 876 1472 non
899 1420 1073 1472 stolidae
1097 1421 1208 1470 mali

353 1518 537 1565 Norunt
564 1516 675 1563 ferre
700 1512 902 1580 periculi.

285 1609 426 1655 Intrat
451 1605 760 1669 flammigeras
782 1620 1087 1671 praeproperus
1110 1602 1254 1650 minas

356 1692 494 1746 Ferri,
532 1702 576 1737 et
600 1700 837 1756 promptus
862 1690 910 1735 in
935 1686 1180 1753 impudens

287 1779 421 1827 Miles
446 1778 692 1842 flagitium,
718 1775 923 1823 terribilis
949 1773 1033 1822 fibi

357 1865 521 1913 Vultus
545 1864 699 1912 induit
722 1880 868 1910 aereos.

288 1957 404 2003 Mox
426 1954 593 2018 raptim
619 1953 765 2018 patrio
789 1962 914 2013 terga
937 1947 1203 2011 recolligens

360 2044 525 2092 Altum
553 2041 739 2090 stridula
763 2040 912 2088 balteo

290 2132 529 2199 Appendit'
551 2130 808 2196 pharetram
833 2124 1112 2175 fructiferam
1136 2122 1287 2181 necis3

363 2225 421 2268 Et
444 2221 650 2268 dextram
674 2217 893 2284 cupidam
917 2216 1052 2282 aspici

291 2306 453 2354 Vibrat
477 2304 686 2352 Bilbilico
710 2314 787 2351 aut
811 2302 992 2366 fulgure
1016 2301 1201 2346 Norico.

365 2398 524 2458 Longe
549 2394 699 2440 littora
725 2393 943 2456 mugiunt

290 2492 424 2539 Dum
449 2490 583 2538 Doris
612 2504 814 2555 creperas
838 2473 1094 2551 ifigeminat
1117 2482 1276 2542 tubas3

1543 2569 1697 2630 Atque
