1977 2793
165 148 242 222 98
589 129 1279 197 POEMATA.

243 376 349 435 Ad
377 376 462 433 D.
484 372 552 428 G.
584 365 921 444 excusatort?
940 363 1056 446 post
1082 362 1299 445 longum
1308 361 1612 442 silentium.

385 533 494 579 AEC
518 546 620 578 mea
644 527 788 596 quam
812 528 955 576 timeo
978 541 1036 573 ne
1059 523 1300 590 perlee‘tare
1323 521 1516 570 recuses!

456 621 533 671 Est
555 633 712 668 tamen
735 633 787 668 ut
810 621 998 666 timeam
1024 616 1057 664 fi
1084 615 1205 665 male
1223 615 1332 663 sarta
1357 615 1490 679 legas.

239 714 332 783 Qi
357 712 479 759 canit
502 728 628 758 arma
649 711 813 766 virfim,
838 709 919 774 qui
944 706 1203 754 delabentia
1228 704 1396 752 mundi

309 798 480 857 Secula,
508 796 733 846 mellifluo
755 797 958 845 carmine
982 806 1130 843 tornet
1153 811 1278 859 opus.

241 886 390 934 Verba
414 903 543 932 reum
571 883 712 940 nobis,
739 882 1046 947 miserumque
1069 879 1256 928 fatentia
1282 879 1414 928 sunto
1428 899 1443 938 3

310 977 419 1021 Sum
446 971 554 1020 tuba
579 971 771 1035 longaevi
796 970 998 1017 criminis
1020 967 1113 1036 ipsa
1138 968 1245 1015 mei.

243 1062 321 1113 Ah
345 1062 518 1127 quoties
541 1059 675 1107 avida
699 1058 881 1107 lustravi
906 1070 1060 1106 mente
1085 1059 1338 1113 Camaenas,

313 1153 564 1198 Immemor
586 1149 634 1195 in
661 1148 818 1195 medio
839 1159 884 1194 te
908 1144 1136 1194 recubeiffe
1159 1143 1325 1193 choro!

245 1237 480 1286 Historicis
501 1236 590 1298 legi
613 1235 836 1283 miracula
859 1234 994 1282 doeta
1019 1232 1262 1288 columnis,

315 1325 499 1375 Nescius
523 1325 786 1388 antitypum
809 1332 853 1369 te
877 1319 1065 1368 tenuiffe
1084 1317 1230 1367 suum.

243 1420 428 1464 Naturae
452 1431 616 1481 vepres,
653 1424 698 1460 et
720 1423 836 1460 torta
859 1408 1130 1477 sophismata
1155 1407 1264 1463 vidi,

317 1502 418 1547 Nec
443 1498 555 1554 dixi,
581 1495 731 1546 dubiis
757 1494 962 1561 Oedipus
985 1493 1077 1559 ipse
1100 1491 1235 1540 clues.

250 1594 358 1646 Non
382 1587 496 1637 mihi
522 1584 584 1635 fic
609 1587 765 1632 Samus
789 1583 961 1631 dietam
980 1580 1154 1630 filentia
1176 1582 1329 1636 Vates,

322 1680 422 1725 Nec
447 1676 593 1742 potuit
616 1674 750 1738 gratis
774 1689 902 1720 mens
924 1670 1165 1718 dominata
1189 1667 1331 1716 fibris,

253 1764 349 1832 Ipsa
376 1781 537 1811 manus
559 1761 770 1828 trepidat,
795 1759 922 1826 quod
948 1777 1042 1806 non
1066 1757 1360 1822 trepidaverit
1380 1770 1498 1803 ante„

321 1853 404 1900 Ille
426 1851 576 1919 pudor
599 1850 744 1898 fuerat
757 1869 772 1908 3
803 1848 903 1914 jam
927 1864 1111 1913 quoque
1133 1845 1288 1910 culpa,
1311 1857 1495 1892 tremor.

251 1940 343 1985 Vix
364 1936 492 1984 testes
517 1947 672 2001 potero
695 1933 899 1982 maculas
920 1951 1014 1981 non
1038 1931 1239 1998 spargere
1263 1930 1444 1987 chartae,

327 2028 386 2070 Ut
409 2023 565 2071 fimilis
589 2023 750 2070 mentis
776 2020 950 2068 sordeat
970 2019 1046 2068 illa
1064 2038 1189 2068 meae.

257 2111 359 2160 Ah!
395 2110 528 2179 sparfi
551 2113 760 2175 ignarus3
799 2108 900 2156 sunt
918 2107 1066 2156 nostra
1090 2106 1187 2155 haee
1211 2106 1416 2154 carmina
1435 2104 1580 2152 sordes
1594 2123 1610 2162 3

328 2204 481 2267 Qam
507 2197 855 2267 culpam-culpa
879 2195 941 2245 fic
964 2196 1175 2246 minuiffe
1197 2193 1347 2263 piget!

258 2294 378 2353 Ergo
405 2291 592 2355 (precor)
616 2288 784 2336 faedam
807 2286 1013 2337 chartam
1033 2285 1213 2352 depone
1227 2303 1243 2344 3
1282 2294 1495 2350 repurget

330 2382 464 2426 Hanc
488 2377 627 2436 soem,
652 2390 789 2445 atque
812 2395 1006 2428 manum
1030 2373 1223 2443 lympha
1245 2373 1396 2423 serena
1419 2385 1562 2421 tuam.

1649 2544 1737 2595 Ad
