<?xml version="1.0" encoding="UTF-8"?>
<!DOCTYPE html PUBLIC "-//W3C//DTD XHTML 1.0 Transitional//EN"
    "http://www.w3.org/TR/xhtml1/DTD/xhtml1-transitional.dtd">
<html xmlns="http://www.w3.org/1999/xhtml" xml:lang="en" lang="en">
 <head>
  <title>
</title>
<meta http-equiv="Content-Type" content="text/html;charset=utf-8" />
  <meta name='ocr-system' content='tesseract 3.04.00' />
  <meta name='ocr-capabilities' content='ocr_page ocr_carea ocr_par ocr_line ocrx_word'/>
</head>
<body>
  <div class='ocr_page' id='page_1' title='image "./originalpoemsine00beau/originalpoemsine00beau_0200.png"; bbox 0 0 1977 2793; ppageno 0'>
   <div class='ocr_carea' id='block_1_1' title="bbox 239 130 1375 216">
    <p class='ocr_par' dir='ltr' id='par_1_1' title="bbox 239 130 1375 216">
     <span class='ocr_line' id='line_1_1' title="bbox 239 130 1375 216; baseline -0.007 -17"><span class='ocrx_word' id='word_1_1' title='bbox 239 159 362 216; x_wconf 83' lang='lat'><strong>134</strong></span> <span class='ocrx_word' id='word_1_2' title='bbox 620 130 1375 193; x_wconf 79' lang='lat' dir='ltr'>APPENDIX.</span> 
     </span>
    </p>
   </div>
   <div class='ocr_carea' id='block_1_2' title="bbox 222 249 1781 2000">
    <p class='ocr_par' dir='ltr' id='par_1_2' title="bbox 222 249 1780 1456">
     <span class='ocr_line' id='line_1_2' title="bbox 224 249 1772 325; baseline -0.005 -15"><span class='ocrx_word' id='word_1_3' title='bbox 224 260 508 325; x_wconf 72' lang='lat' dir='ltr'>Principem,</span> <span class='ocrx_word' id='word_1_4' title='bbox 531 256 689 320; x_wconf 64' lang='lat' dir='ltr'><strong>lingua</strong></span> <span class='ocrx_word' id='word_1_5' title='bbox 712 252 838 320; x_wconf 87' lang='lat' dir='ltr'><strong>apud</strong></span> <span class='ocrx_word' id='word_1_6' title='bbox 857 254 967 301; x_wconf 82' lang='lat' dir='ltr'><strong>Suos</strong></span> <span class='ocrx_word' id='word_1_7' title='bbox 989 251 1165 317; x_wconf 87' lang='lat' dir='ltr'><strong>vulgari</strong></span> <span class='ocrx_word' id='word_1_8' title='bbox 1188 262 1234 300; x_wconf 91' lang='lat' dir='ltr'><strong>et</strong></span> <span class='ocrx_word' id='word_1_9' title='bbox 1256 250 1495 301; x_wconf 67' lang='lat' dir='ltr'><strong>vernacula</strong></span> <span class='ocrx_word' id='word_1_10' title='bbox 1531 249 1772 318; x_wconf 69' lang='lat' dir='ltr'><strong>scripfifl&#39;erz</strong></span> 
     </span>
     <span class='ocr_line' id='line_1_3' title="bbox 222 341 1774 410; baseline -0.005 -12"><span class='ocrx_word' id='word_1_11' title='bbox 222 348 440 398; x_wconf 76' lang='lat' dir='ltr'><strong>similiter</strong></span> <span class='ocrx_word' id='word_1_12' title='bbox 475 356 521 393; x_wconf 92' lang='lat' dir='ltr'><strong>et</strong></span> <span class='ocrx_word' id='word_1_13' title='bbox 544 342 788 410; x_wconf 81' lang='lat' dir='ltr'>Prophetas</span> <span class='ocrx_word' id='word_1_14' title='bbox 819 341 1102 408; x_wconf 87' lang='lat' dir='ltr'><strong>reliquosque</strong></span> <span class='ocrx_word' id='word_1_15' title='bbox 1126 342 1276 390; x_wconf 62' lang='lat' dir='ltr'><strong>Sancti</strong></span> <span class='ocrx_word' id='word_1_16' title='bbox 1299 342 1488 409; x_wconf 62' lang='lat' dir='ltr'><strong>Spiritus</strong></span> <span class='ocrx_word' id='word_1_17' title='bbox 1520 358 1774 391; x_wconf 86' lang='lat' dir='ltr'><strong>amanuen-</strong></span> 
     </span>
     <span class='ocr_line' id='line_1_4' title="bbox 232 415 1773 500; baseline -0.003 -15"><span class='ocrx_word' id='word_1_18' title='bbox 232 436 305 485; x_wconf 81' lang='lat' dir='ltr'><strong>ses.</strong></span> <span class='ocrx_word' id='word_1_19' title='bbox 365 438 462 483; x_wconf 91' lang='lat' dir='ltr'><strong>Hos</strong></span> <span class='ocrx_word' id='word_1_20' title='bbox 484 432 576 500; x_wconf 60' lang='lat' dir='ltr'><strong>qua</strong></span> <span class='ocrx_word' id='word_1_21' title='bbox 599 444 806 500; x_wconf 86' lang='lat' dir='ltr'><strong>poterant</strong></span> <span class='ocrx_word' id='word_1_22' title='bbox 825 435 982 481; x_wconf 89' lang='lat' dir='ltr'><strong>Duces</strong></span> <span class='ocrx_word' id='word_1_23' title='bbox 1004 432 1158 490; x_wconf 82' lang='lat' dir='ltr'><strong>secuti,</strong></span> <span class='ocrx_word' id='word_1_24' title='bbox 1193 443 1249 479; x_wconf 90' lang='lat' dir='ltr'><strong>ut</strong></span> <span class='ocrx_word' id='word_1_25' title='bbox 1278 415 1534 480; x_wconf 81' lang='lat' dir='ltr'><strong>commodo</strong></span> <span class='ocrx_word' id='word_1_26' title='bbox 1562 430 1773 481; x_wconf 83' lang='lat' dir='ltr'><strong>Ecclefiae</strong></span> 
     </span>
     <span class='ocr_line' id='line_1_5' title="bbox 225 520 1772 592; baseline -0.005 -17"><span class='ocrx_word' id='word_1_27' title='bbox 225 544 289 575; x_wconf 66' lang='lat' dir='ltr'><strong>⁴ex</strong></span> <span class='ocrx_word' id='word_1_28' title='bbox 312 524 514 592; x_wconf 89' lang='lat' dir='ltr'><strong>pluribus</strong></span> <span class='ocrx_word' id='word_1_29' title='bbox 535 521 747 588; x_wconf 88' lang='lat' dir='ltr'><strong>gentibus</strong></span> <span class='ocrx_word' id='word_1_30' title='bbox 775 520 1283 579; x_wconf 70' lang='lat' dir='ltr'><strong>conflataeinservirent,</strong></span> <span class='ocrx_word' id='word_1_31' title='bbox 1309 520 1436 570; x_wconf 89' lang='lat' dir='ltr'><strong>illam</strong></span> <span class='ocrx_word' id='word_1_32' title='bbox 1462 532 1618 587; x_wconf 88' lang='lat' dir='ltr'><strong>praeter</strong></span> <span class='ocrx_word' id='word_1_33' title='bbox 1638 531 1772 569; x_wconf 85' lang='lat' dir='ltr'><strong>caete-</strong></span> 
     </span>
     <span class='ocr_line' id='line_1_6' title="bbox 230 594 1777 681; baseline -0.002 -19"><span class='ocrx_word' id='word_1_34' title='bbox 230 631 299 662; x_wconf 87' lang='lat' dir='ltr'><strong>ras</strong></span> <span class='ocrx_word' id='word_1_35' title='bbox 323 613 590 677; x_wconf 82' lang='lat' dir='ltr'><strong>delegerunt</strong></span> <span class='ocrx_word' id='word_1_36' title='bbox 613 610 822 681; x_wconf 83' lang='lat' dir='ltr'>linguam</span> <span class='ocrx_word' id='word_1_37' title='bbox 864 628 965 676; x_wconf 86' lang='lat' dir='ltr'><strong>quae</strong></span> <span class='ocrx_word' id='word_1_38' title='bbox 997 594 1199 659; x_wconf 75' lang='lat' dir='ltr'><strong>maxime</strong></span> <span class='ocrx_word' id='word_1_39' title='bbox 1225 622 1328 659; x_wconf 87' lang='lat' dir='ltr'><strong>tum</strong></span> <span class='ocrx_word' id='word_1_40' title='bbox 1353 610 1627 659; x_wconf 85' lang='lat' dir='ltr'><strong>innotuerat.</strong></span> <span class='ocrx_word' id='word_1_41' title='bbox 1679 611 1777 661; x_wconf 80' lang='lat' dir='ltr'><strong>Vos</strong></span> 
     </span>
     <span class='ocr_line' id='line_1_7' title="bbox 231 698 1773 769; baseline -0.003 -20"><span class='ocrx_word' id='word_1_42' title='bbox 231 701 427 769; x_wconf 88' lang='lat' dir='ltr'><strong>appello,</strong></span> <span class='ocrx_word' id='word_1_43' title='bbox 453 699 750 749; x_wconf 85' lang='lat' dir='ltr'><strong>Academici:</strong></span> <span class='ocrx_word' id='word_1_44' title='bbox 790 699 972 766; x_wconf 85' lang='lat' dir='ltr'><strong>Ecquid</strong></span> <span class='ocrx_word' id='word_1_45' title='bbox 991 699 1236 748; x_wconf 90' lang='lat' dir='ltr'><strong>consultius</strong></span> <span class='ocrx_word' id='word_1_46' title='bbox 1261 700 1511 764; x_wconf 86' lang='lat' dir='ltr'><strong>excogitari</strong></span> <span class='ocrx_word' id='word_1_47' title='bbox 1529 709 1705 764; x_wconf 90' lang='lat' dir='ltr'><strong>poterat</strong></span> <span class='ocrx_word' id='word_1_48' title='bbox 1723 698 1773 744; x_wconf 91' lang='lat' dir='ltr'><strong>in</strong></span> 
     </span>
     <span class='ocr_line' id='line_1_8' title="bbox 232 783 1777 853; baseline -0.004 -16"><span class='ocrx_word' id='word_1_49' title='bbox 232 787 542 837; x_wconf 87' lang='lat' dir='ltr'><strong>universorum</strong></span> <span class='ocrx_word' id='word_1_50' title='bbox 562 786 944 844; x_wconf 81' lang='lat' dir='ltr'><strong>Christianorum,</strong></span> <span class='ocrx_word' id='word_1_51' title='bbox 983 786 1193 853; x_wconf 87' lang='lat' dir='ltr'>adeoque</span> <span class='ocrx_word' id='word_1_52' title='bbox 1216 798 1262 834; x_wconf 88' lang='lat' dir='ltr'><strong>et</strong></span> <span class='ocrx_word' id='word_1_53' title='bbox 1285 786 1509 835; x_wconf 87' lang='lat' dir='ltr'><strong>laicorum</strong></span> <span class='ocrx_word' id='word_1_54' title='bbox 1547 783 1777 849; x_wconf 85' lang='lat' dir='ltr'><strong>gratiam?</strong></span> 
     </span>
     <span class='ocr_line' id='line_1_9' title="bbox 231 871 1776 942; baseline -0.005 -14"><span class='ocrx_word' id='word_1_55' title='bbox 231 882 272 928; x_wconf 91' lang='lat' dir='ltr'><strong>F</strong></span> <span class='ocrx_word' id='word_1_56' title='bbox 273 896 327 926; x_wconf 84' lang='lat' dir='ltr'><strong>ac</strong></span> <span class='ocrx_word' id='word_1_57' title='bbox 349 889 521 941; x_wconf 81' lang='lat' dir='ltr'><strong>autem,</strong></span> <span class='ocrx_word' id='word_1_58' title='bbox 557 876 685 942; x_wconf 85' lang='lat' dir='ltr'><strong>quod</strong></span> <span class='ocrx_word' id='word_1_59' title='bbox 708 875 938 924; x_wconf 89' lang='lat' dir='ltr'><strong>nonnullis</strong></span> <span class='ocrx_word' id='word_1_60' title='bbox 963 875 1140 924; x_wconf 87' lang='lat' dir='ltr'><strong>videtur</strong></span> <span class='ocrx_word' id='word_1_61' title='bbox 1163 874 1466 939; x_wconf 87' lang='lat' dir='ltr'><strong>Evangelium</strong></span> <span class='ocrx_word' id='word_1_62' title='bbox 1490 876 1531 921; x_wconf 90' lang='lat' dir='ltr'><strong>S.</strong></span> <span class='ocrx_word' id='word_1_63' title='bbox 1555 871 1776 930; x_wconf 80' lang='lat' dir='ltr'><strong>Matthaei,</strong></span> 
     </span>
     <span class='ocr_line' id='line_1_10' title="bbox 223 960 1774 1032; baseline -0.002 -17"><span class='ocrx_word' id='word_1_64' title='bbox 223 979 279 1015; x_wconf 30' lang='lat' dir='ltr'><strong>vet</strong></span> <span class='ocrx_word' id='word_1_65' title='bbox 302 965 552 1032; x_wconf 84' lang='lat' dir='ltr'><strong>Epistolam</strong></span> <span class='ocrx_word' id='word_1_66' title='bbox 585 965 646 1012; x_wconf 84' lang='lat' dir='ltr'><strong>ad</strong></span> <span class='ocrx_word' id='word_1_67' title='bbox 669 964 898 1022; x_wconf 87' lang='lat' dir='ltr'><strong>Hebraeos,</strong></span> <span class='ocrx_word' id='word_1_68' title='bbox 934 967 1149 1012; x_wconf 86' lang='lat' dir='ltr'>Sermone</span> <span class='ocrx_word' id='word_1_69' title='bbox 1175 961 1406 1012; x_wconf 75' lang='lat' dir='ltr'><strong>Hebraico</strong></span> <span class='ocrx_word' id='word_1_70' title='bbox 1421 983 1436 1022; x_wconf 89' lang='lat'>;</span> <span class='ocrx_word' id='word_1_71' title='bbox 1475 960 1774 1026; x_wconf 87' lang='lat' dir='ltr'><strong>Evangelium</strong></span> 
     </span>
     <span class='ocr_line' id='line_1_11' title="bbox 233 1048 1777 1111; baseline -0.005 -7"><span class='ocrx_word' id='word_1_72' title='bbox 233 1074 337 1104; x_wconf 89' lang='lat' dir='ltr'><strong>vero</strong></span> <span class='ocrx_word' id='word_1_73' title='bbox 362 1059 401 1103; x_wconf 89' lang='lat' dir='ltr'><strong>S.</strong></span> <span class='ocrx_word' id='word_1_74' title='bbox 420 1056 566 1103; x_wconf 85' lang='lat' dir='ltr'><strong>Marci</strong></span> <span class='ocrx_word' id='word_1_75' title='bbox 591 1056 770 1111; x_wconf 81' lang='lat' dir='ltr'><strong>Latino,</strong></span> <span class='ocrx_word' id='word_1_76' title='bbox 795 1054 920 1101; x_wconf 83' lang='lat' dir='ltr'><strong>edita</strong></span> <span class='ocrx_word' id='word_1_77' title='bbox 943 1053 1101 1101; x_wconf 84' lang='lat' dir='ltr'><strong>fuiffe:</strong></span> <span class='ocrx_word' id='word_1_78' title='bbox 1137 1052 1430 1101; x_wconf 89' lang='lat' dir='ltr'><strong>vehementer</strong></span> <span class='ocrx_word' id='word_1_79' title='bbox 1461 1051 1552 1101; x_wconf 85' lang='lat' dir='ltr'><strong>hoc</strong></span> <span class='ocrx_word' id='word_1_80' title='bbox 1583 1050 1694 1098; x_wconf 84' lang='lat' dir='ltr'><strong>facit</strong></span> <span class='ocrx_word' id='word_1_81' title='bbox 1716 1048 1777 1098; x_wconf 89' lang='lat' dir='ltr'><strong>ad</strong></span> 
     </span>
     <span class='ocr_line' id='line_1_12' title="bbox 234 1137 1780 1207; baseline -0.005 -14"><span class='ocrx_word' id='word_1_82' title='bbox 234 1145 415 1194; x_wconf 82' lang='lat' dir='ltr'><strong>causam</strong></span> <span class='ocrx_word' id='word_1_83' title='bbox 438 1144 635 1192; x_wconf 85' lang='lat' dir='ltr'><strong>nostram</strong></span> <span class='ocrx_word' id='word_1_84' title='bbox 655 1163 668 1201; x_wconf 72' lang='grc' dir='ltr'><strong>ς</strong></span> <span class='ocrx_word' id='word_1_85' title='bbox 707 1160 815 1190; x_wconf 85' lang='lat' dir='ltr'><strong>nam</strong></span> <span class='ocrx_word' id='word_1_86' title='bbox 841 1160 935 1190; x_wconf 90' lang='lat' dir='ltr'><strong>non</strong></span> <span class='ocrx_word' id='word_1_87' title='bbox 952 1142 1102 1190; x_wconf 75' lang='lat' dir='ltr'><strong>multo</strong></span> <span class='ocrx_word' id='word_1_88' title='bbox 1122 1141 1235 1207; x_wconf 86' lang='lat' dir='ltr'><strong>post,</strong></span> <span class='ocrx_word' id='word_1_89' title='bbox 1275 1141 1345 1189; x_wconf 93' lang='lat' dir='ltr'><strong>vel</strong></span> <span class='ocrx_word' id='word_1_90' title='bbox 1367 1140 1427 1189; x_wconf 89' lang='lat' dir='ltr'><strong>ad</strong></span> <span class='ocrx_word' id='word_1_91' title='bbox 1447 1139 1550 1206; x_wconf 86' lang='lat' dir='ltr'><strong>ipfis</strong></span> <span class='ocrx_word' id='word_1_92' title='bbox 1575 1137 1780 1187; x_wconf 79' lang='lat' dir='ltr'><strong>authori·-</strong></span> 
     </span>
     <span class='ocr_line' id='line_1_13' title="bbox 232 1225 1779 1292; baseline -0.005 -12"><span class='ocrx_word' id='word_1_93' title='bbox 232 1233 332 1288; x_wconf 87' lang='lat' dir='ltr'><strong>bus,</strong></span> <span class='ocrx_word' id='word_1_94' title='bbox 357 1231 427 1278; x_wconf 91' lang='lat' dir='ltr'><strong>vel</strong></span> <span class='ocrx_word' id='word_1_95' title='bbox 451 1230 508 1276; x_wconf 83' lang='lat' dir='ltr'><strong>ab</strong></span> <span class='ocrx_word' id='word_1_96' title='bbox 530 1230 627 1276; x_wconf 84' lang='lat' dir='ltr'><strong>aliis</strong></span> <span class='ocrx_word' id='word_1_97' title='bbox 651 1232 750 1275; x_wconf 82' lang='lat' dir='ltr'><strong>viris</strong></span> <span class='ocrx_word' id='word_1_98' title='bbox 769 1230 1041 1292; x_wconf 83' lang='lat' dir='ltr'><strong>Apostolicis</strong></span> <span class='ocrx_word' id='word_1_99' title='bbox 1062 1232 1220 1275; x_wconf 82' lang='lat' dir='ltr'><strong>Graeca</strong></span> <span class='ocrx_word' id='word_1_100' title='bbox 1242 1228 1363 1274; x_wconf 65' lang='lat' dir='ltr'><strong>fasta</strong></span> <span class='ocrx_word' id='word_1_101' title='bbox 1382 1227 1483 1282; x_wconf 84' lang='lat' dir='ltr'><strong>effe,</strong></span> <span class='ocrx_word' id='word_1_102' title='bbox 1507 1228 1557 1272; x_wconf 87' lang='lat' dir='ltr'><strong>in</strong></span> <span class='ocrx_word' id='word_1_103' title='bbox 1579 1225 1779 1274; x_wconf 87' lang='lat' dir='ltr'><strong>confeffo</strong></span> 
     </span>
     <span class='ocr_line' id='line_1_14' title="bbox 232 1311 1779 1382; baseline -0.005 -15"><span class='ocrx_word' id='word_1_104' title='bbox 232 1320 310 1368; x_wconf 86' lang='lat' dir='ltr'><strong>est.</strong></span> <span class='ocrx_word' id='word_1_105' title='bbox 365 1317 593 1382; x_wconf 74' lang='lat' dir='ltr'><strong>Qiorsum</strong></span> <span class='ocrx_word' id='word_1_106' title='bbox 617 1326 789 1372; x_wconf 84' lang='lat' dir='ltr'><strong>autem,</strong></span> <span class='ocrx_word' id='word_1_107' title='bbox 829 1311 913 1361; x_wconf 82' lang='lat' dir='ltr'><strong>nifi</strong></span> <span class='ocrx_word' id='word_1_108' title='bbox 937 1325 988 1361; x_wconf 81' lang='lat' dir='ltr'><strong>ut</strong></span> <span class='ocrx_word' id='word_1_109' title='bbox 1011 1313 1171 1378; x_wconf 64' lang='lat' dir='ltr'><strong>lingua</strong></span> <span class='ocrx_word' id='word_1_110' title='bbox 1195 1311 1594 1379; x_wconf 66' lang='lat' dir='ltr'><strong>pervolgatiffima‚</strong></span> <span class='ocrx_word' id='word_1_111' title='bbox 1625 1314 1779 1361; x_wconf 82' lang='lat' dir='ltr'><strong>omni-</strong></span> 
     </span>
     <span class='ocr_line' id='line_1_15' title="bbox 232 1401 1011 1456; baseline -0.01 0"><span class='ocrx_word' id='word_1_112' title='bbox 232 1426 316 1456; x_wconf 86' lang='lat' dir='ltr'><strong>um</strong></span> <span class='ocrx_word' id='word_1_113' title='bbox 340 1407 523 1454; x_wconf 64' lang='lat' dir='ltr'><strong>lectioni</strong></span> <span class='ocrx_word' id='word_1_114' title='bbox 546 1401 1011 1452; x_wconf 78' lang='lat' dir='ltr'><strong>commendarentur?</strong></span> 
     </span>
    </p>

    <p class='ocr_par' dir='ltr' id='par_1_3' title="bbox 233 1489 1781 2000">
     <span class='ocr_line' id='line_1_16' title="bbox 303 1489 1781 1560; baseline -0.003 -19"><span class='ocrx_word' id='word_1_115' title='bbox 303 1493 531 1560; x_wconf 87' lang='lat' dir='ltr'><strong>Apostolis</strong></span> <span class='ocrx_word' id='word_1_116' title='bbox 552 1491 706 1539; x_wconf 90' lang='lat' dir='ltr'><strong>officio</strong></span> <span class='ocrx_word' id='word_1_117' title='bbox 727 1490 805 1538; x_wconf 89' lang='lat' dir='ltr'><strong>suo</strong></span> <span class='ocrx_word' id='word_1_118' title='bbox 822 1489 1037 1538; x_wconf 62' lang='lat' dir='ltr'><strong>hactenus</strong></span> <span class='ocrx_word' id='word_1_119' title='bbox 1060 1490 1226 1538; x_wconf 61' lang='lat' dir='ltr'><strong>functis</strong></span> <span class='ocrx_word' id='word_1_120' title='bbox 1247 1509 1260 1548; x_wconf 86' lang='lat'><em>3</em></span> <span class='ocrx_word' id='word_1_121' title='bbox 1303 1508 1420 1538; x_wconf 88' lang='lat' dir='ltr'><strong>curae</strong></span> <span class='ocrx_word' id='word_1_122' title='bbox 1443 1490 1530 1538; x_wconf 81' lang='lat' dir='ltr'><strong>effe</strong></span> <span class='ocrx_word' id='word_1_123' title='bbox 1555 1491 1694 1557; x_wconf 87' lang='lat' dir='ltr'><strong>coepit</strong></span> <span class='ocrx_word' id='word_1_124' title='bbox 1714 1491 1781 1537; x_wconf 90' lang='lat' dir='ltr'><strong>vi-</strong></span> 
     </span>
     <span class='ocr_line' id='line_1_17' title="bbox 233 1575 1778 1649; baseline -0.004 -18"><span class='ocrx_word' id='word_1_125' title='bbox 233 1585 290 1632; x_wconf 84' lang='lat' dir='ltr'><strong>ris</strong></span> <span class='ocrx_word' id='word_1_126' title='bbox 315 1585 397 1649; x_wconf 87' lang='lat' dir='ltr'><strong>piis</strong></span> <span class='ocrx_word' id='word_1_127' title='bbox 423 1581 671 1646; x_wconf 55' lang='lat' dir='ltr'><strong>doctisque,</strong></span> <span class='ocrx_word' id='word_1_128' title='bbox 708 1575 767 1627; x_wconf 85' lang='lat' dir='ltr'><strong>ne</strong></span> <span class='ocrx_word' id='word_1_129' title='bbox 796 1578 888 1644; x_wconf 68' lang='lat' dir='ltr'><strong>qua</strong></span> <span class='ocrx_word' id='word_1_130' title='bbox 921 1579 1072 1626; x_wconf 76' lang='lat' dir='ltr'><strong>fraudi</strong></span> <span class='ocrx_word' id='word_1_131' title='bbox 1090 1579 1203 1627; x_wconf 85' lang='lat' dir='ltr'><strong>effet</strong></span> <span class='ocrx_word' id='word_1_132' title='bbox 1228 1577 1595 1627; x_wconf 84' lang='lat' dir='ltr'><strong>Christianorum</strong></span> <span class='ocrx_word' id='word_1_133' title='bbox 1627 1577 1778 1643; x_wconf 85' lang='lat' dir='ltr'><strong>postea</strong></span> 
     </span>
     <span class='ocr_line' id='line_1_18' title="bbox 237 1666 1778 1734; baseline -0.002 -17"><span class='ocrx_word' id='word_1_134' title='bbox 237 1672 377 1734; x_wconf 79' lang='lat' dir='ltr'><strong>vulgo</strong></span> <span class='ocrx_word' id='word_1_135' title='bbox 403 1672 570 1718; x_wconf 84' lang='lat' dir='ltr'><strong>Graecae</strong></span> <span class='ocrx_word' id='word_1_136' title='bbox 589 1670 755 1733; x_wconf 83' lang='lat' dir='ltr'><strong>linguae</strong></span> <span class='ocrx_word' id='word_1_137' title='bbox 777 1667 978 1726; x_wconf 82' lang='lat' dir='ltr'><strong>inscitia3</strong></span> <span class='ocrx_word' id='word_1_138' title='bbox 1005 1669 1132 1715; x_wconf 88' lang='lat' dir='ltr'><strong>Hinc</strong></span> <span class='ocrx_word' id='word_1_139' title='bbox 1156 1668 1205 1715; x_wconf 89' lang='lat' dir='ltr'><strong>in</strong></span> <span class='ocrx_word' id='word_1_140' title='bbox 1230 1685 1327 1716; x_wconf 87' lang='lat' dir='ltr'><strong>rem</strong></span> <span class='ocrx_word' id='word_1_141' title='bbox 1351 1666 1562 1721; x_wconf 81' lang='lat' dir='ltr'><strong>Ecclefiae</strong></span> <span class='ocrx_word' id='word_1_142' title='bbox 1590 1668 1778 1724; x_wconf 78' lang='lat' dir='ltr'><strong>Latinae,</strong></span> 
     </span>
     <span class='ocr_line' id='line_1_19' title="bbox 236 1751 1778 1819; baseline -0.004 -13"><span class='ocrx_word' id='word_1_143' title='bbox 236 1761 399 1806; x_wconf 80' lang='lat' dir='ltr'><strong>Latina</strong></span> <span class='ocrx_word' id='word_1_144' title='bbox 419 1755 560 1804; x_wconf 85' lang='lat' dir='ltr'><strong>verfio</strong></span> <span class='ocrx_word' id='word_1_145' title='bbox 579 1768 688 1803; x_wconf 84' lang='lat' dir='ltr'><strong>orta.</strong></span> <span class='ocrx_word' id='word_1_146' title='bbox 726 1758 929 1819; x_wconf 82' lang='lat' dir='ltr'><strong>Ingenue</strong></span> <span class='ocrx_word' id='word_1_147' title='bbox 951 1755 1077 1801; x_wconf 87' lang='lat' dir='ltr'><strong>enim</strong></span> <span class='ocrx_word' id='word_1_148' title='bbox 1099 1753 1236 1800; x_wconf 91' lang='lat' dir='ltr'><strong>dicite</strong></span> <span class='ocrx_word' id='word_1_149' title='bbox 1256 1751 1512 1811; x_wconf 84' lang='lat' dir='ltr'><strong>Pontificii3</strong></span> <span class='ocrx_word' id='word_1_150' title='bbox 1539 1756 1695 1818; x_wconf 61' lang='lat' dir='ltr'><strong>Qum</strong></span> <span class='ocrx_word' id='word_1_151' title='bbox 1718 1752 1778 1800; x_wconf 93' lang='lat' dir='ltr'><strong>ob</strong></span> 
     </span>
     <span class='ocr_line' id='line_1_20' title="bbox 235 1835 1780 1905; baseline -0.006 -11"><span class='ocrx_word' id='word_1_152' title='bbox 235 1845 416 1894; x_wconf 84' lang='lat' dir='ltr'><strong>causam</strong></span> <span class='ocrx_word' id='word_1_153' title='bbox 441 1844 536 1892; x_wconf 87' lang='lat' dir='ltr'><strong>haec</strong></span> <span class='ocrx_word' id='word_1_154' title='bbox 560 1843 699 1891; x_wconf 75' lang='lat' dir='ltr'><strong>versio</strong></span> <span class='ocrx_word' id='word_1_155' title='bbox 723 1844 918 1898; x_wconf 85' lang='lat' dir='ltr'><strong>inventa,</strong></span> <span class='ocrx_word' id='word_1_156' title='bbox 950 1842 1161 1905; x_wconf 81' lang='lat' dir='ltr'><strong>incoepta,</strong></span> <span class='ocrx_word' id='word_1_157' title='bbox 1194 1838 1389 1904; x_wconf 67' lang='lat' dir='ltr'><strong>perfecta</strong></span> <span class='ocrx_word' id='word_1_158' title='bbox 1414 1835 1502 1886; x_wconf 88' lang='lat' dir='ltr'><strong>fuit</strong></span> <span class='ocrx_word' id='word_1_159' title='bbox 1522 1838 1540 1885; x_wconf 91' lang='lat'>?</span> <span class='ocrx_word' id='word_1_160' title='bbox 1572 1841 1703 1886; x_wconf 88' lang='lat' dir='ltr'><strong>Num</strong></span> <span class='ocrx_word' id='word_1_161' title='bbox 1726 1850 1780 1885; x_wconf 86' lang='lat' dir='ltr'><strong>ut</strong></span> 
     </span>
     <span class='ocr_line' id='line_1_21' title="bbox 237 1919 1776 2000; baseline -0.006 -20"><span class='ocrx_word' id='word_1_162' title='bbox 237 1932 562 2000; x_wconf 85' lang='lat' dir='ltr'><strong>prospiceretur</strong></span> <span class='ocrx_word' id='word_1_163' title='bbox 596 1930 782 1978; x_wconf 85' lang='lat' dir='ltr'><strong>eruditis</strong></span> <span class='ocrx_word' id='word_1_164' title='bbox 820 1941 864 1975; x_wconf 89' lang='lat' dir='ltr'><strong>et</strong></span> <span class='ocrx_word' id='word_1_165' title='bbox 890 1931 1067 1976; x_wconf 85' lang='lat' dir='ltr'><strong>Graecas</strong></span> <span class='ocrx_word' id='word_1_166' title='bbox 1091 1926 1238 1973; x_wconf 79' lang='lat' dir='ltr'><strong>literas</strong></span> <span class='ocrx_word' id='word_1_167' title='bbox 1273 1924 1564 1973; x_wconf 85' lang='lat' dir='ltr'><strong>callentibus?</strong></span> <span class='ocrx_word' id='word_1_168' title='bbox 1602 1919 1776 1972; x_wconf 81' lang='lat' dir='ltr'><strong>Gerrae!</strong></span> 
     </span>
    </p>
   </div>
   <div class='ocr_carea' id='block_1_3' title="bbox 234 2013 1780 2173">
    <p class='ocr_par' dir='ltr' id='par_1_4' title="bbox 234 2013 1780 2173">
     <span class='ocr_line' id='line_1_22' title="bbox 240 2013 1778 2087; baseline -0.007 -18"><span class='ocrx_word' id='word_1_169' title='bbox 240 2022 417 2087; x_wconf 82' lang='lat' dir='ltr'><strong>Qibus</strong></span> <span class='ocrx_word' id='word_1_170' title='bbox 439 2038 562 2084; x_wconf 79' lang='lat' dir='ltr'><strong>ergO,</strong></span> <span class='ocrx_word' id='word_1_171' title='bbox 576 2019 657 2067; x_wconf 77' lang='lat' dir='ltr'><strong>nisi</strong></span> <span class='ocrx_word' id='word_1_172' title='bbox 678 2017 902 2067; x_wconf 62' lang='lat' dir='ltr'><strong>indoffi&#39;cis?</strong></span> <span class='ocrx_word' id='word_1_173' title='bbox 926 2020 1079 2083; x_wconf 82' lang='lat' dir='ltr'><strong>Qare</strong></span> <span class='ocrx_word' id='word_1_174' title='bbox 1102 2026 1256 2063; x_wconf 84' lang='lat' dir='ltr'><strong>autem</strong></span> <span class='ocrx_word' id='word_1_175' title='bbox 1275 2015 1340 2071; x_wconf 87' lang='lat' dir='ltr'><strong>iis,</strong></span> <span class='ocrx_word' id='word_1_176' title='bbox 1362 2013 1396 2060; x_wconf 83' lang='lat' dir='ltr'>fi</span> <span class='ocrx_word' id='word_1_177' title='bbox 1419 2014 1610 2060; x_wconf 64' lang='lat' dir='ltr'><strong>lectione</strong></span> <span class='ocrx_word' id='word_1_178' title='bbox 1631 2014 1778 2078; x_wconf 85' lang='lat' dir='ltr'><strong>Scrip-</strong></span> 
     </span>
     <span class='ocr_line' id='line_1_23' title="bbox 234 2096 1780 2173; baseline -0.01 -17"><span class='ocrx_word' id='word_1_179' title='bbox 234 2122 344 2157; x_wconf 85' lang='lat' dir='ltr'><strong>turae</strong></span> <span class='ocrx_word' id='word_1_180' title='bbox 369 2105 694 2173; x_wconf 79' lang='lat' dir='ltr'><strong>prohibendis?</strong></span> <span class='ocrx_word' id='word_1_181' title='bbox 718 2103 803 2150; x_wconf 90' lang='lat' dir='ltr'><strong>Vel</strong></span> <span class='ocrx_word' id='word_1_182' title='bbox 824 2104 963 2166; x_wconf 82' lang='lat' dir='ltr'><strong>igitur</strong></span> <span class='ocrx_word' id='word_1_183' title='bbox 988 2098 1229 2165; x_wconf 83' lang='lat' dir='ltr'><strong>majoribus</strong></span> <span class='ocrx_word' id='word_1_184' title='bbox 1249 2096 1395 2144; x_wconf 84' lang='lat' dir='ltr'><strong>vestris</strong></span> <span class='ocrx_word' id='word_1_185' title='bbox 1420 2097 1669 2143; x_wconf 81' lang='lat' dir='ltr'><strong>editionem</strong></span> <span class='ocrx_word' id='word_1_186' title='bbox 1691 2099 1780 2143; x_wconf 81' lang='lat' dir='ltr'><strong>La-</strong></span> 
     </span>
    </p>
   </div>
   <div class='ocr_carea' id='block_1_4' title="bbox 237 2187 1779 2424">
    <p class='ocr_par' dir='ltr' id='par_1_5' title="bbox 237 2187 1779 2424">
     <span class='ocr_line' id='line_1_24' title="bbox 237 2187 1779 2251; baseline -0.008 -6"><span class='ocrx_word' id='word_1_187' title='bbox 237 2200 383 2247; x_wconf 85' lang='lat' dir='ltr'><strong>tinam</strong></span> <span class='ocrx_word' id='word_1_188' title='bbox 409 2197 517 2242; x_wconf 86' lang='lat' dir='ltr'><strong>vitio</strong></span> <span class='ocrx_word' id='word_1_189' title='bbox 541 2196 708 2251; x_wconf 83' lang='lat' dir='ltr'><strong>vertite,</strong></span> <span class='ocrx_word' id='word_1_190' title='bbox 735 2192 803 2239; x_wconf 84' lang='lat' dir='ltr'><strong>vel</strong></span> <span class='ocrx_word' id='word_1_191' title='bbox 830 2191 950 2238; x_wconf 86' lang='lat' dir='ltr'><strong>Italis</strong></span> <span class='ocrx_word' id='word_1_192' title='bbox 972 2189 1178 2236; x_wconf 81' lang='lat' dir='ltr'><strong>Italicam</strong></span> <span class='ocrx_word' id='word_1_193' title='bbox 1203 2187 1433 2234; x_wconf 87' lang='lat' dir='ltr'><strong>adornate.</strong></span> <span class='ocrx_word' id='word_1_194' title='bbox 1471 2188 1595 2232; x_wconf 84' lang='lat' dir='ltr'><strong>Nam</strong></span> <span class='ocrx_word' id='word_1_195' title='bbox 1621 2187 1779 2235; x_wconf 86' lang='lat' dir='ltr'><strong>Graeca</strong></span> 
     </span>
     <span class='ocr_line' id='line_1_25' title="bbox 237 2276 1778 2350; baseline -0.009 -16"><span class='ocrx_word' id='word_1_196' title='bbox 237 2288 396 2350; x_wconf 78' lang='lat' dir='ltr'><strong>lingua</strong></span> <span class='ocrx_word' id='word_1_197' title='bbox 421 2302 514 2332; x_wconf 85' lang='lat' dir='ltr'><strong>non</strong></span> <span class='ocrx_word' id='word_1_198' title='bbox 539 2284 681 2346; x_wconf 82' lang='lat' dir='ltr'><strong>magis</strong></span> <span class='ocrx_word' id='word_1_199' title='bbox 706 2282 881 2345; x_wconf 80' lang='lat' dir='ltr'><strong>fugerat</strong></span> <span class='ocrx_word' id='word_1_200' title='bbox 907 2298 1024 2336; x_wconf 79' lang='lat' dir='ltr'><strong>avos,</strong></span> <span class='ocrx_word' id='word_1_201' title='bbox 1066 2277 1209 2343; x_wconf 69' lang='lat' dir='ltr'><strong>quam</strong></span> <span class='ocrx_word' id='word_1_202' title='bbox 1233 2287 1415 2342; x_wconf 86' lang='lat' dir='ltr'><strong>nepotes</strong></span> <span class='ocrx_word' id='word_1_203' title='bbox 1440 2276 1600 2323; x_wconf 81' lang='lat' dir='ltr'><strong>Latina</strong></span> <span class='ocrx_word' id='word_1_204' title='bbox 1621 2295 1636 2334; x_wconf 83' lang='lat'>3</span> <span class='ocrx_word' id='word_1_205' title='bbox 1679 2278 1778 2322; x_wconf 92' lang='lat' dir='ltr'><strong>Do-</strong></span> 
     </span>
     <span class='ocr_line' id='line_1_26' title="bbox 237 2363 1778 2424; baseline -0.009 -3"><span class='ocrx_word' id='word_1_206' title='bbox 237 2392 321 2421; x_wconf 90' lang='lat' dir='ltr'><strong>nec</strong></span> <span class='ocrx_word' id='word_1_207' title='bbox 355 2372 442 2421; x_wconf 89' lang='lat' dir='ltr'><strong>hoc</strong></span> <span class='ocrx_word' id='word_1_208' title='bbox 480 2373 527 2419; x_wconf 88' lang='lat' dir='ltr'><strong>in</strong></span> <span class='ocrx_word' id='word_1_209' title='bbox 558 2372 768 2418; x_wconf 83' lang='lat' dir='ltr'><strong>animum</strong></span> <span class='ocrx_word' id='word_1_210' title='bbox 804 2368 1086 2424; x_wconf 81' lang='lat' dir='ltr'><strong>induxeritiS‚</strong></span> <span class='ocrx_word' id='word_1_211' title='bbox 1120 2363 1250 2412; x_wconf 83' lang='lat' dir='ltr'><strong>malae</strong></span> <span class='ocrx_word' id='word_1_212' title='bbox 1279 2363 1447 2411; x_wconf 80' lang='lat' dir='ltr'><strong>fraudis</strong></span> <span class='ocrx_word' id='word_1_213' title='bbox 1472 2380 1545 2409; x_wconf 85' lang='lat' dir='ltr'><strong>vos</strong></span> <span class='ocrx_word' id='word_1_214' title='bbox 1574 2374 1778 2408; x_wconf 84' lang='lat' dir='ltr'><strong>tenemus</strong></span> 
     </span>
    </p>
   </div>
   <div class='ocr_carea' id='block_1_5' title="bbox 238 2442 1828 2585">
    <p class='ocr_par' dir='ltr' id='par_1_6' title="bbox 238 2442 1828 2585">
     <span class='ocr_line' id='line_1_27' title="bbox 238 2442 1828 2526; baseline -0.009 -16"><span class='ocrx_word' id='word_1_215' title='bbox 238 2461 513 2519; x_wconf 81' lang='lat' dir='ltr'><strong>manifestos,</strong></span> <span class='ocrx_word' id='word_1_216' title='bbox 545 2460 626 2526; x_wconf 86' lang='lat' dir='ltr'><strong>qui</strong></span> <span class='ocrx_word' id='word_1_217' title='bbox 651 2457 875 2524; x_wconf 81' lang='lat' dir='ltr'><strong>majorum</strong></span> <span class='ocrx_word' id='word_1_218' title='bbox 901 2456 1033 2512; x_wconf 60' lang='lat' dir='ltr'><strong>fana,</strong></span> <span class='ocrx_word' id='word_1_219' title='bbox 1072 2472 1173 2520; x_wconf 82' lang='lat' dir='ltr'><strong>quae</strong></span> <span class='ocrx_word' id='word_1_220' title='bbox 1210 2451 1420 2500; x_wconf 84' lang='lat' dir='ltr'><strong>laudibus</strong></span> <span class='ocrx_word' id='word_1_221' title='bbox 1452 2449 1629 2506; x_wconf 79' lang='lat' dir='ltr'><strong>effertis,</strong></span> <span class='ocrx_word' id='word_1_222' title='bbox 1668 2466 1779 2496; x_wconf 85' lang='lat' dir='ltr'><strong>con-</strong></span> <span class='ocrx_word' id='word_1_223' title='bbox 1826 2442 1828 2445; x_wconf 37' lang='lat'><strong><em>¹</em></strong></span> 
     </span>
     <span class='ocr_line' id='line_1_28' title="bbox 1642 2548 1777 2585; baseline 0 -1"><span class='ocrx_word' id='word_1_224' title='bbox 1642 2548 1777 2585; x_wconf 77' lang='lat' dir='ltr'><strong>trano</strong></span> 
     </span>
    </p>
   </div>
  </div>
 </body>
</html>
