1977 2793
737 121 1423 190 ΡΟΕΜΑΤΑ.

519 239 677 303 Atque
700 254 865 306 anceps
890 245 1068 291 numeri
1093 243 1156 294 sui

448 324 608 373 Densis
634 327 856 378 militibus
882 331 1005 379 cedit
1027 335 1226 383 arenula.

518 413 696 461 Audin’
720 428 772 463 ut
795 417 964 466 sceleris
987 436 1123 469 vorax

445 503 504 548 Et
527 500 670 568 major
693 503 883 552 modico
907 519 1046 556 nauta
1070 509 1353 570 celeusmate,

514 591 597 640 Nil
620 592 744 659 pleni
769 595 963 660 cupidus
987 600 1100 646 Noti

443 677 652 726 Accerfit
674 682 912 747 proprium
938 687 1131 747 gutturis
1150 687 1349 737 AEolum.

511 769 584 814 En
608 779 660 814 ut
683 768 936 832 veligerum
960 790 1122 822 nemus

439 852 654 902 Addiscit
677 854 901 905 Thetidos
925 877 1003 924 per
1026 862 1250 921 viridaria,

509 945 568 989 Et
590 945 762 1009 campis
786 944 971 1012 liquidis
991 947 1106 997 vehi.

441 1030 630 1097 Qaffat
653 1049 747 1080 non
770 1038 925 1082 veteris
949 1037 1161 1102 ponderis
1185 1041 1433 1091 immemor

512 1120 661 1167 Canos
685 1121 775 1186 ipse
800 1123 1099 1185 Tridentifer,

435 1208 496 1252 Et
517 1223 613 1254 non
636 1209 859 1258 vincibilis
883 1197 1046 1261 robdra
1071 1217 1269 1265 nominis

505 1296 675 1341 Horret
700 1296 848 1344 Claffe
869 1299 1079 1364 loquacia
1098 1322 1112 1360 ;

432 1385 492 1430 Et
514 1382 607 1449 spes
630 1384 757 1433 haud
780 1400 950 1437 teneras
976 1393 1236 1456 magnificae
1262 1395 1393 1461 fugae.

503 1471 699 1520 Audivit
725 1473 964 1525 Thamefis
991 1479 1070 1527 suo

433 1559 543 1606 Non
566 1558 729 1608 frustra
753 1565 952 1613 tremulo
975 1585 1213 1619 murmura
1234 1571 1394 1631 littore,
1421 1588 1463 1622 ct

502 1645 647 1693 Vultu
674 1645 888 1697 fluctibus
912 1653 1133 1711 eminens,

433 1736 518 1781 Per
540 1734 628 1782 laeti
652 1751 863 1802 properat
886 1740 1050 1804 pascua
1076 1745 1247 1802 Cantii,

499 1824 665 1870 Secum
691 1823 854 1873 filiolos
878 1827 1058 1877 trahens

429 1913 483 1958 In
506 1910 625 1958 ulnis
648 1910 839 1973 fluvios;
878 1920 1048 1981 perruit
1071 1919 1238 1970 ostium

499 2002 652 2064 Rapto
676 2003 901 2050 curriculo
925 2004 1134 2064 fremens,

427 2091 486 2136 Et
508 2089 743 2154 complens
767 2092 962 2156 querulis
988 2092 1259 2145 fluminibus
1285 2100 1424 2148 Patris

496 2177 698 2237 Aulam3
740 2181 956 2246 deprecor
979 2184 1189 2233 anchorae

427 2267 600 2315 Morsus
626 2271 865 2336 Hesperiae,
893 2273 1021 2332 dixit,
1046 2288 1090 2322 et
1115 2277 1356 2344 impudens

497 2356 648 2404 Gades
672 2376 729 2406 ne
754 2359 912 2409 satient
937 2362 1062 2411 suam

425 2445 648 2494 Extremae
672 2448 871 2499 nimium
896 2451 1080 2499 turbine
1104 2452 1338 2502 carbasum

996 2543 1040 2588 O

1735 158 1851 218 105

1671 2552 1823 2615 Qcm
