1977 2793
685 130 1368 215 POEMATA.⁸
1712 152 1786 209 95

328 257 482 304 Fronti
508 253 633 302 nulla
658 252 799 313 fides3
839 265 884 300 at
911 252 1008 300 sum
1035 253 1094 299 de
1118 251 1264 301 fronte
1292 255 1444 310 Poeta,

397 341 606 390 Perfidiae
632 359 809 389 naevum
836 339 896 388 fic
921 338 1127 387 meruisse
1152 338 1301 397 dolct;

327 433 369 479 Si
398 430 604 479 meruiss'e
628 442 812 487 tamen3
850 427 961 492 quid
987 439 1146 493 peccat
1169 427 1347 490 garrula
1367 425 1534 474 Musa?

397 517 601 566 Innocufi
625 534 718 564 non
743 517 841 563 sum
865 514 1149 580 simplicitate
1174 531 1283 560 reus.

326 609 500 655 Frontis
523 618 631 663 erat,
657 604 893 652 cerebrum
919 604 1027 668 quia
1052 602 1232 649 nullum
1258 602 1388 649 Musa
1415 602 1607 651 fatetur?

393 695 479 742 Sed
504 693 686 741 cerebro
709 691 831 741 sedes
855 693 1061 758 proxima
1082 689 1235 738 frontis
1258 689 1396 738 adest.

326 783 457 830 Viete
481 781 682 846 Cupido,
708 779 832 838 vale3
871 796 986 826 num
1013 776 1074 824 fic
1096 789 1141 824 te
1166 777 1316 824 dicere
1340 776 1536 824 vellem?

400 868 494 925 Ah,
516 867 706 915 mallem
732 866 868 923 dicas,
895 862 1163 912 Elizabetha
1186 862 1296 910 vale.

324 958 418 1005 Sim
443 968 574 1013 vates,
601 954 745 1004 modo
769 954 830 1002 fic
855 952 1030 1001 dederis
1053 950 1292 1017 praedicere
1317 960 1519 997 certum:

393 1046 465 1091 Te
489 1044 634 1091 solum
658 1043 808 1091 noscet
827 1041 984 1089 Turba
1008 1056 1184 1087 novena
1208 1056 1412 1103 procum.

323 1136 457 1180 Forte
482 1148 565 1179 nec
589 1130 666 1178 ille
689 1142 791 1177 tuus
814 1131 938 1177 Deus
961 1127 1026 1175 est
1050 1144 1174 1192 puer,
1199 1125 1273 1172 ille
1295 1124 1512 1190 Cupid03

391 1221 546 1266 Prima
569 1217 826 1283 puellorum
853 1215 907 1263 fit
931 1214 1015 1262 nisi
1039 1213 1170 1261 causa
1195 1230 1317 1278 puer.

324 1308 452 1375 Qid
477 1307 594 1355 mihi
618 1322 727 1353 curn
751 1304 904 1359 barba,
931 1314 1088 1348 mento
1112 1302 1227 1365 quid
1251 1313 1296 1345 ct
1320 1300 1396 1347 illa
1421 1298 1569 1346 virili?

393 1399 503 1444 Non
526 1395 653 1442 illam
677 1404 834 1441 mento
857 1389 1000 1454 gestat
1024 1387 1193 1454 Apollo
1217 1386 1294 1435 suo
1312 1409 1327 1434 :

323 1489 479 1551 Qam
502 1483 606 1532 levis
630 1481 726 1530 haec
750 1481 954 1544 gravitas,
979 1477 1148 1526 levibus
1173 1494 1272 1542 quae
1295 1474 1494 1523 crinibus
1519 1486 1614 1520 orta
1637 1472 1734 1520 cst?

392 1575 504 1619 Sunt
527 1571 672 1634 magis
694 1587 750 1617 ex
774 1568 855 1616 illo
878 1566 1067 1614 nomine
1093 1564 1222 1611 bruta
1247 1564 1341 1610 viri.

325 1663 453 1729 Qid
478 1661 671 1726 virgulta
695 1659 834 1725 genis,
859 1670 939 1706 aut
961 1655 1077 1723 quid
1101 1668 1282 1721 vepreta
1304 1652 1509 1702 labellis?

394 1749 652 1798 Arbfistum
675 1748 862 1804 nollem,
887 1744 943 1793 fit
966 1743 1083 1792 mihi
1106 1743 1252 1791 vultus
1276 1759 1397 1811 ager.

324 1839 452 1906 Qid
477 1850 554 1885 tua
579 1835 640 1884 fic
665 1835 761 1883 setis
785 1835 903 1882 stant
926 1832 1238 1881 verruncantia
1262 1830 1419 1878 labra?

393 1928 524 1972 Num
547 1921 642 1970 nafi
667 1921 817 1987 scopas
842 1922 966 1984 larga
989 1920 1145 1968 cloaca
1170 1917 1333 1965 vocat?

326 2017 435 2071 Ora,
459 2025 561 2069 tuae,
586 2027 753 2067 caveas,
779 2027 837 2057 ne
860 2025 1026 2075 pronus
1049 2008 1098 2055 in
1121 2005 1271 2053 oscula
1294 2006 1421 2052 Divae

393 2105 611 2164 Detergas
634 2098 730 2146 setis
753 2096 955 2164 proditor
977 2095 1066 2162 ipse
1090 2095 1214 2143 rosas.

325 2193 643 2252 Languentem
669 2184 910 2232 flammam
932 2183 1014 2229 tibi
1041 2181 1240 2245 Cynthia
1267 2179 1440 2227 suscitat
1462 2180 1478 2227 ?
1514 2179 1644 2237 eheu,

394 2278 549 2339 Qam
575 2270 695 2319 male-
719 2287 812 2317 non
835 2267 1046 2315 meminit
1070 2266 1243 2329 frigoris
1267 2266 1343 2312 illa
1368 2265 1456 2312 sui!

327 2365 390 2409 At
414 2378 470 2408 nc
494 2357 737 2414 subfidant,
762 2358 810 2403 in
835 2372 910 2402 me
934 2354 1183 2400 convertito
1210 2351 1431 2400 flammas.

397 2447 651 2495 Conveniat
673 2443 837 2493 melius
860 2440 1058 2491 mascula
1083 2438 1278 2489 flamma
1301 2442 1416 2487 viris.

1557 2522 1784 2580 Mentiris3
