1977 2793
255 128 371 167 112
637 106 1385 165 APPENDIX.

247 226 410 272 merito
425 226 639 290 expediet.
678 222 763 270 Sed
784 222 1082 289 perpendenti
1102 225 1284 271 Sacram
1304 222 1538 272 historiam
1557 241 1650 274 non
1668 243 1781 293 pau-

249 331 302 360 ca
326 324 571 361 occurrunt
595 311 827 370 miracula,
861 330 954 360 non
985 324 1079 360 tam
1104 312 1164 360 ad
1188 312 1366 361 cultum
1395 313 1647 380 Judaicum
1671 316 1782 363 affe-

246 400 458 457 rendum,
482 417 624 466 quam
647 399 706 446 ad
731 401 920 465 privatos
944 399 1056 449 fines
1080 401 1305 467 imprimis
1328 401 1582 468 spediantia.

317 493 383 537 Ita
414 490 531 537 Elias
563 493 811 555 Sereptanae
835 490 999 539 Viduae
1034 490 1274 557 lacythum
1302 503 1348 539 et
1378 492 1610 558 Hydriam
1639 495 1779 551 auxit,

248 579 491 646 filiumque
511 580 609 627 vitae
629 579 832 638 restituit,
860 580 918 627 de
942 580 1051 629 dato
1073 580 1268 646 hospitio
1284 581 1494 647 praeclare
1512 594 1676 646 gratus.
1713 584 1782 630 Ita

246 686 429 734 quoque
444 668 693 734 Jordanem
712 669 851 734 pallio
869 669 1033 727 divifit,
1059 682 1104 718 et
1122 671 1244 718 viam
1268 668 1352 718 fibi
1371 688 1450 737 per
1470 688 1608 735 aquas
1632 671 1693 719 ad
1711 672 1781 736 ig-

246 776 387 806 neum
406 776 591 806 currum
613 760 802 824 aperuit.
839 762 908 807 Ita
923 759 1088 807 Eliseus
1103 759 1280 808 fontem
1295 759 1669 827 Jerichuntinum
1694 761 1780 810 sale

245 845 469 895 sincerum
493 845 611 903 fecit,
651 847 903 913 petentibus
927 848 1110 896 civibus,
1150 850 1218 896 Ita
1243 852 1378 897 auc‘to
1400 849 1548 897 viduae
1571 849 1674 897 oleo
1697 850 1782 898 ali-

243 937 318 983 eni
342 938 434 984 aeris
458 936 657 984 solvendi
681 939 863 1003 copiam
888 938 1009 986 fecit.
1048 940 1117 986 Ita
1137 939 1386 987 Naamanis
1403 938 1577 1005 lepram
1602 938 1780 988 Gehezi

243 1024 513 1091 posterisque
546 1024 629 1072 suis
658 1025 973 1084 transmittens,
1005 1027 1241 1075 avaritiam
1265 1025 1548 1075 haereditario
1571 1026 1781 1091 stigmate

243 1109 491 1158 damnavit.
541 1112 608 1157 Ita
639 1109 754 1158 ferro
780 1111 840 1159 ad
864 1111 1174 1160 summitatem
1198 1130 1326 1178 aquae
1351 1124 1525 1170 vocato,
1554 1112 1781 1161 reddendi

241 1197 370 1263 quod
399 1197 564 1244 mutuo
593 1208 834 1263 acceptum
864 1209 959 1244 erat
990 1197 1253 1246 facultatem
1277 1197 1419 1245 dedit.
1468 1199 1537 1245 Ita
1560 1197 1780 1246 militibus

241 1286 357 1351 Syris
382 1303 505 1332 nunc
530 1285 779 1332 caecitatem
802 1285 1071 1340 obtendenS,
1095 1301 1220 1331 nunc
1239 1284 1383 1332 visum
1401 1285 1633 1333 restituens
1650 1281 1779 1334 saluti

239 1373 325 1420 suae
351 1372 586 1438 prospexit.
626 1371 713 1418 Sed
737 1371 851 1437 quid
875 1370 964 1419 istis
987 1372 1209 1420 immoror
1230 1371 1248 1421 ?
1268 1390 1378 1422 cum
1401 1373 1551 1422 videas
1573 1372 1665 1439 ipsa
1684 1373 1779 1421 Eli-

239 1460 298 1507 sei
329 1453 422 1507 offa
447 1461 658 1505 contactu
689 1457 768 1505 suo
793 1459 934 1506 vitam
961 1469 1143 1506 mortuo
1166 1458 1457 1515 restituentia,
1489 1474 1548 1505 ne
1573 1458 1687 1523 quid
1720 1457 1779 1506 de

241 1547 600 1596 Christianarum
625 1548 921 1614 reliquiarum
945 1547 1165 1596 humilius
1188 1549 1358 1605 sentiaS,
1392 1566 1492 1614 quae
1524 1547 1593 1596 vel
1618 1548 1777 1615 majus,

238 1637 307 1684 vel
330 1636 448 1684 certe
477 1636 645 1701 aequale
674 1635 962 1701 privilegium
987 1636 1244 1685 sortiuntur.
1294 1639 1421 1684 Cum
1456 1637 1595 1700 igitur
1624 1638 1673 1684 in
1703 1655 1779 1685 ve-

237 1726 320 1772 teri
344 1723 639 1771 instrumenta
664 1724 883 1772 miracula
915 1725 1093 1789 privatis
1128 1725 1186 1772 de
1218 1724 1358 1773 caufis
1383 1724 1443 1772 ad
1470 1726 1559 1772 Dei
1582 1725 1778 1788 gloriam

237 1826 283 1861 et
308 1815 543 1859 Servorum
565 1812 655 1878 ejus
675 1812 883 1859 levamen
903 1824 1076 1877 patrata
1099 1813 1321 1859 invenias:
1348 1828 1486 1877 quare
1510 1813 1558 1858 in
1577 1815 1681 1861 novi
1700 1812 1776 1861 fae-

237 1902 352 1950 deris
374 1900 530 1967 politia
551 1900 678 1947 idem
700 1899 932 1947 usuvenire
954 1899 1164 1947 dubitas?

303 1992 411 2056 Jam
427 2006 530 2036 vero
549 1988 880 2036 miraculorum
901 1991 1094 2035 tractum
1112 1988 1172 2035 ad
1191 1987 1340 2053 ipsum
1357 1987 1532 2036 fontem
1549 1988 1670 2037 retro
1688 1989 1777 2037 du-

237 2089 399 2135 cente3‚
416 2077 616 2124 eundem
634 2076 845 2142 deinceps
861 2075 920 2123 ad
941 2076 1089 2123 nostra
1108 2074 1276 2123 Saecula
1296 2074 1549 2124 derivatum
1571 2075 1776 2142 inseque-

236 2185 353 2216 mur.
394 2167 666 2214 Potestatem
691 2166 820 2232 supra
842 2168 1067 2212 Naturam
1093 2164 1182 2230 ipse
1199 2166 1381 2211 Naturae
1398 2165 1627 2213 Dominus
1647 2169 1776 2232 Apo-

236 2254 711 2320 stolis,Discipulisque
741 2254 824 2302 suis
848 2253 1091 2313 conceffit3
1131 2253 1258 2301 illam
1292 2271 1396 2300 vero
1421 2266 1517 2302 tam
1538 2253 1773 2313 illustrem,

236 2354 288 2390 ut
311 2343 369 2390 ad
396 2343 562 2408 majora
584 2341 803 2390 sufficeret
826 2361 964 2408 quam
988 2342 1077 2408 ipse
1097 2354 1268 2409 patrare
1288 2341 1442 2389 voluit.
1482 2342 1637 2407 Qam
1662 2361 1774 2408 prae-

235 2429 356 2479 clare
373 2429 581 2496 Apostoli
599 2429 687 2479 hoc
706 2432 943 2497 privilegio
959 2431 1103 2480 funffl
1122 2429 1237 2488 sunt,
1253 2430 1451 2495 ipsorum
1471 2442 1775 2479 monumenta

1747 2535 1776 2564 a.
